3675 5584
264 773 479 842 s
607 740 921 811 ,1.17..

248 927 301 991 cis.
342 917 504 1005 ίνοίργειαν1
521 920 686 998 frequentat
711 918 758 978 bic
779 925 888 982 noster.
931 919 967 995 4,
1004 921 1063 996 17,
1102 923 1165 986 12.;
1202 925 1267 994 τοῖς
1287 917 1385 1002 λέγοις
1479 969 1480 976 ,

247 1004 485 1092 ίττιτριίψασίλαι
505 1001 560 1078 τὰς
581 1007 643 1066 τοῖν
660 999 846 1090 πραγμάτων
861 1004 1027 1088 ίναργείας,
1048 1007 1126 1083 qaod
1141 1007 1385 1082 semandnmest,

248 1096 378 1176 quamvis
401 1093 494 1153 codd.
507 1095 650 1168 oggerant
670 1089 829 1172 ένεργείας,
849 1092 993 1170 frequenti
1011 1092 1124 1170 quidem
1146 1091 1315 1150 contusione
1331 1091 1370 1148 ho

247 1201 311 1241 rum
332 1179 545 1238 vocabulorum.
589 1179 627 1250 6,
650 1175 708 1251 1ο,
729 1179 775 1239 8.:
796 1174 902 1256 ’ἡτῶν
921 1173 1180 1258 κατειργασμένων
1200 1171 1385 1262 πραγμάτων

250 1261 401 1347 ἐνάργεια.
444 1266 504 1330 16.
526 1261 586 1336 23,
606 1259 651 1322 53
679 1256 730 1322 bad
753 1264 808 1342 τῆς
827 1260 1114 1347 τοῖνείοαγομένων
1135 1261 1299 1344 ἐναργείας.
1345 1260 1383 1319 cf.

249 1351 306 1415 lex.
328 1350 426 1428 Polyb.
445 1369 474 1409 v.
496 1340 664 1426 ἐνέργεια,
691 1346 776 1433 etiam
797 1347 838 1424 8,
857 1345 919 1424 44,
938 1351 986 1426 6.,
1008 1353 1087 1408 recte
1108 1347 1162 1406 viri
1183 1347 1260 1407 docti
1282 1347 1385 1425 reponi

247 1438 396 1515 jusserunt
419 1429 558 1517 ἐνέργεια
577 1450 631 1509 pro
652 1429 792 1514 ἐνέργεια.
943 1485 945 1491 ,

294 1547 296 1552 ·
336 1521 410 1600 Cap.
428 1519 498 1594 49„
530 1514 560 1598 §-
583 1518 613 1578 1.
656 1549 696 1562 -
719 1513 767 1580 ὅτι
786 1509 922 1597 προίτοις
942 1511 997 1596 μὲν
1019 1509 1123 1589 ου’τοῖς
1142 1510 1274 1596 Ἀγαιοῖς
1295 1509 1385 1579 εὔλυ-

249 1603 360 1689 ῥητέον
366 1654 376 1683 ,
398 1605 470 1685 ἑξῆς
491 1599 525 1664 δὲ
545 1599 598 1662 sul
618 1604 733 1680 μᾶλλον
754 1597 930 1685 Ἀντιγόνῳ.
974 1601 1072 1660 Malim
1090 1595 1227 1680 πρώτως,
1248 1603 1384 1661 adverbio

248 1692 446 1770 respondente
471 1686 614 1746 adverbiis
633 1685 706 1768 ἑξῆς
725 1694 756 1746 et
774 1690 900 1768 μᾶλλον.
942 1685 1022 1747 Haec
1048 1689 1164 1768 saepius
1187 1687 1322 1748 contusa:
1357 1707 1384 1744 v.

249 1779 306 1838 lex.
325 1775 424 1852 Polyb.
445 1792 473 1832 v,
491 1775 618 1854 τιροέτος.
1391 1797 1396 1803 ·

336 1859 461 1934 Ibidem,
484 1853 519 1938 ξ,
532 1860 563 1920 7.
604 1850 754 1937 Ἐοίνμλν
776 1846 834 1917 οὖν
855 1853 987 1918 Αίτωλολ
1007 1889 1042 1900 -·
1069 1852 1127 1936 τήν
1148 1854 1278 1936 ἡσυχίαν
1300 1853 1386 1938 ίίγειν

249 1944 493 2029 τίτοιιρίνωνται,
512 1948 568 2003 etc.
610 1943 688 2003 Male
708 1942 866 2019 interpres:
889 1941 999 2009 Quodsi
1019 1942 1106 2001 Aetoli
1127 1974 1174 1986 -=
1189 1943 1257 2002 οτίλι
1276 1962 1303 2002 ιο
1324 1947 1386 2020 qui-

250 2052 336 2094 escere
355 2031 550 2090 ιίιτολοοιιύιτ.
594 2027 670 2088 lmo:
691 2026 873 2105 responderim
893 2027 1040 2104 Antigono
1062 2027 1227 2105 quaerenti,
1248 2045 1315 2086 num
1336 2047 1387 2087 va-

250 2119 304 2176 lint
324 2117 482 2194 quiescere.
525 2111 666 2172 simulatio
687 2109 949 2175 Aetolorum-nihil
966 2111 1088 2172 Achaeis
1108 2112 1276 2191 profuisset.
1505 2135 1508 2142 ·

338 2203 412 2280 Cap.
430 2201 501 2273 ὀίω,
532 2193 561 2277 §-
582 2200 632 2260 16.
677 2192 775 2270 οὕτως
798 2195 832 2259 ἐν
852 2195 944 2258 παντὶ
965 2192 998 2259 ro*
1020 2196 1104 2270 τέλος
1124 2202 1220 2259 κεῖται
1240 2201 1296 2278 τῆς
1317 2189 1386 2260 δίοι-

252 2281 378 2363 λήψεως
404 2283 482 2363 ιίτιέρ
512 2305 544 2346 se
570 2287 632 2344 reio
652 2279 712 2344 osis
733 2281 767 2344 ἐν
787 2288 852 2353 τοῖς
865 2280 1078 2360 τελουμένοις,
1114 2276 1176 2344 α’λλ’
1198 2282 1231 2345 έν
1251 2288 1317 2356 ταῖς
1341 2283 1389 2344 αλ-

251 2371 331 2443 τίαις
345 2376 401 2429 etc.
443 2370 488 2428 lta
508 2369 638 2447 plerique
658 2387 758 2426 omues
779 2366 877 2441 codd,
899 2368 1079 2443 stupentibus
1100 2368 1194 2428 doctis
1214 2369 1251 2428 ad
1265 2391 1298 2430 τε
1317 2372 1388 2442 τοῖν,

250 2455 386 2532 variaque
408 2453 697 2514 comminiscentibus.
724 2451 850 2526 ,Regius
871 2448 1079 2526 quidem‘liber
1096 2451 1135 2510 B:
1171 2449 1247 2534 ὑπὲρ
1267 2475 1390 2534 erapous-
1490 2488 1492 2493 ·

250 2537 724 2696 :urrunnun
739 2534 1390 2699 annerici.renunc

253 2709 411 2789 expressit,
445 2643 574 2785 quiesque
600 2705 733 2784 proprias
760 2705 852 2763 codex
871 2658 961 2764 liabet
982 2641 1163 2785 scripturas?
1192 2706 1273 2766 velut
1292 2708 1389 2784 istam,

253 2814 340 2874 quam
360 2793 496 2864 diximus,
531 2789 607 2850 nude
628 2789 798 2868 acceperit,
817 2808 877 2847 non
898 2791 1043 2850 indicavit.
1086 2796 1236 2868 praeterea
1261 2793 1389 2871 speciem

253 2878 462 2939 emendationis
481 2894 552 2955 prae
569 2895 601 2935 se
620 2875 677 2934 sert
698 2892 754 2933 vox
776 2895 896 2955 περιιτ,
918 2877 1047 2952 quamsi
1069 2875 1116 2934 alii
1137 2875 1245 2936 librarii
1265 2877 1390 2937 invenis-

253 2971 320 3026 sent
340 2965 369 3022 in
389 2959 612 3040 exemplaribus,
647 2978 721 3038 quae
742 2959 960 3037 describebant,
998 2965 1077 3020 certe
1098 2961 1190 3020 verbo
1209 2968 1309 3042 aperto
1330 2981 1390 3022 non

252 3048 468 3128 substituiqent
483 3044 702 3125 inexplicabilia.
743 3044 778 3103 ld
798 3051 954 3124 reputans,
986 3046 1107 3126 opinor,
1141 3048 1202 3106 Jac.
1224 3047 1325 3106 Grono
1344 3048 1388 3106 ius

252 3135 331 3196 aliud
349 3133 503 3192 remedium
523 3131 741 3210 circrrmspexit,
766 3149 823 3188 nec
840 3129 980 3190 dubitavit
993 3151 1163 3210 proponere
1185 3129 1263 3214 ν’ττέρ
1284 3067 1388 3206 suido,
1413 3142 1419 3154 “

253 3223 335 3298 cujas
352 3217 511 3294 scripturae
530 3235 660 3292 sensum,
680 3210 737 3294 ipsi
752 3215 871 3302 quidem
887 3215 1039 3293 probatae,
1060 3216 1105 3275 his
1125 3218 1220 3277 verbis
1242 3219 1388 3282 declarare

253 3309 375 3366 conatur
391 3300 513 3378 aelst„
541 3303 624 3382 finan
646 3300 752 3376 judicii
772 3300 806 3360 dc
826 3303 926 3360 εοειιίίτ
950 3305 1068 3381 μοιίλυω
1089 3323 1143 3362 csse
1163 3323 1214 3364 non
1234 3307 1264 3364 ιό
1278 3307 1387 3368 ,eumne

253 3392 337 3471 ίγιλτ,
372 3389 468 3448 sedin
488 3390 682 3446 wouterman
702 3393 775 3463 etc,
816 3406 934 3446 securas
954 3387 1002 3446 ille
1022 3387 1197 3449 deuotione
1217 3392 1274 3452 τοῦ
1293 3388 1387 3464 τέλος,
1443 3385 1447 3394 ’

254 3474 333 3554 quod
357 3493 411 3553 per
439 3493 472 3533 se
499 3472 605 3531 dictum
631 3491 735 3531 vereor
759 3476 791 3530 ut
814 3477 935 3532 ωαιίιιοι
957 3472 1119 3549 significare
1144 3475 1246 3552 possit.
1292 3480 1322 3534 et
1342 3474 1389 3532 iac

254 3577 361 3638 posse,
381 3558 563 3634 tamen-vix,
585 3563 615 3618 et
635 3577 673 3616 ne
694 3557 740 3616 vix
760 3557 892 3634 quidem,
914 3557 1015 3616 credas
1033 3556 1191 3634 Polybium,
1213 3577 1271 3617 non
1293 3559 1388 3617 infan-

256 3648 332 3717 tem,
366 3643 473 3702 dixisse
498 3641 582 3716 τέλος
609 3638 687 3725 ιίττὲρ
713 3645 818 3703 τοίων.
860 3661 954 3719 neque
982 3641 1037 3700 boc
1052 3647 1266 3702 'commentum'
1282 3643 1389 3722 placuit

256 3725 543 3803 Schweighaeuse103
570 3746 667 3786 rerum
689 3746 774 3804 quam
794 3727 858 3806 ipse
876 3728 1025 3803 ingressus
1047 3732 1096 3786 est*
1111 3728 1185 3785 dam
1207 3728 1388 3803 emendandi,

257 3832 292 3873 ea
310 3811 456 3870 difficilior
476 3810 560 3869 etium
582 3819 642 3870 est:
677 3811 763 3890 putat
784 3812 874 3886 enim,
904 3809 976 3872 haec
996 3812 1042 3871 sel
1071 3812 1169 3871 nescio
1192 3831 1266 3890 quae
1287 3811 1389 3871 similia

255 3897 332 3957 sorte
345 3896 527 3961 intercidisse
540 3900 610 3973 post
622 3917 653 3957 τι
668 3901 746 3959 τῶνε
767 3896 895 3973 ἐπαίνου
909 3895 962 3959 καί
983 3899 1045 3960 τοῖν
1056 3891 1263 3976 -ίττιτιμήσεως
1284 3891 1388 3974 α’ξίων,
1476 3929 1479 3943 ›

257 3983 387 4056 δικαίως·
399 3980 452 4044 sal
472 3984 535 4043 τῶν.
554 3973 668 4054 αἰλίνοις
690 3981 900 4064 πραχθέντων.
946 3981 1021 4042 Tam
1045 4001 1120 4042 vana
1144 3982 1272 4060 pericula
1289 3981 1395 4041 consi-v

257 4068 368 4128 deranti
384 4067 451 4128 milri
470 4068 500 4127 iu
519 4071 644 4128 mentem
665 4069 743 4128 venit
763 4069 871 4130 illorum
885 4066 997 4144 Virgilii
1016 4068 1053 4128 de
1073 4085 1159 4147 apum
1177 4066 1258 4128 bellis
1278 4067 1387 4143 Georg.

257 4151 295 4231 4>
316 4154 384 4217 86.:
486 4221 492 4232 ι
1433 4149 1442 4178 Ἰ

421 4236 465 4296 Hi
483 4245 569 4298 notus
587 4242 738 4300 οιιίωοτντι
759 4245 841 4320 atque
859 4240 925 4300 boec
946 4243 1092 4301 antonino
1112 4245 1192 4299 tantu

422 4321 551 4383 Pulveris
570 4327 668 4404 ιτίςνε·
682 4325 766 4400 jactu
788 4339 934 4404 οοωμττιιο
955 4330 1101 4406 φαειουολ.
1122 4371 1125 4379 ,

206 4465 210 4473 ,
259 4407 375 4468 Scilicet
395 4408 424 4465 in
441 4415 577 4489 prompto
596 4417 641 4471 est
658 4411 785 4470 scribere
802 4409 883 4494 ὑπέρ
904 4435 938 4495 γε
958 4417 1039 4488 τοῖν,
1075 4412 1095 4476 i.
1118 4429 1149 4472 er
1166 4402 1298 4475 τούτων,
1335 4423 1389 4462 usu

247 4493 366 4573 ⁴articuli
378 4493 492 4553 notiore
505 4513 590 4572 quam
605 4498 653 4574 qui
668 4496 765 4558 maltis
778 4496 945 4562 illustretur.
965 4497 1126 4576 Sophocles
1138 4495 1214 4556 O'ed.
1227 4491 1290 4553 Col.
1302 4489 1390 4552 683·:

421 4611 464 4624 -
485 4611 591 4626 -·—-
610 4585 673 4657 τεοῖς
694 4603 728 4647 οε
749 4582 912 4664 Καδμείων
933 4578 1009 4655 λεω“ς

422 4667 522 4725 Καλεῖ
540 4664 682 4743 δικαίως,
704 4667 738 4731 ίτ
760 4665 794 4730 δέ
815 4673 878 4732 τοῖν
898 4659 1015 4750 μάλιστ’
1036 4661 1093 4747 ἐμοὶ
1116 4669 1172 4724 etc.
1182 4668 1190 4745 Ἰ

341 4745 468 4808 Ibidem:
503 4742 559 4811 οιίιι
579 4748 614 4811 ἐν
634 4756 699 4825 τοῖς
718 4751 918 4836 τελουμένοις,
961 4751 1056 4814 Sulis.
1077 4754 1161 4810 nota:
1193 4741 1390 4825 συντελουμέ-

260 4855 341 4912 νοις,
374 4835 452 4913 quod
473 4853 545 4896 sane
566 4839 612 4895 est
631 4837 782 4915 υτὶωλίοε,
817 4840 891 4900 sicut
912 4838 999 4900 etiam
1025 4835 1196 4910 ἐπιτελεῖν,
1220 4829 1390 4912 praesertim

1157 4928 1332 5022 2».
