3675 5584
518 858 601 928 Quae
620 873 684 916 cum
703 855 744 917 ita
763 855 837 931 sint,
873 871 1022 934 speramus
1043 853 1122 929 iore,
1157 858 1189 912 ut
1206 856 1276 933 post
1293 869 1416 911 messem
1437 853 1567 930 quamvis

433 942 550 1003 uberem
570 941 697 1021 priorum
716 939 828 1016 Polybii
846 939 1034 1020 interpretum
1055 944 1150 998 tamen
1170 937 1241 998 haec
1261 933 1409 1016 spicilegia
1432 957 1490 997 non
1511 939 1568 997 ad-

427 1032 585 1108 spernetur
605 1031 705 1086 coetus
722 1024 911 1084 litteratorum
929 1031 1100 1112 propterea,
1122 1025 1218 1102 quod,
1245 1022 1343 1098 libris,
1371 1022 1421 1100 qui
1441 1023 1568 1082 nondum

434 1112 548 1174 excussi
567 1111 684 1187 luerint,
702 1109 779 1169 baud
798 1110 1025 1189 suppetentibus,
1047 1109 1108 1169 sola
1130 1109 1294 1186 conjectura
1312 1108 1378 1168 freti
1401 1127 1568 1168 succurrere

432 1198 589 1276 historico,
607 1195 729 1256 subinde
749 1193 908 1272 laboranti,
936 1195 1105 1258 studuimus.
1147 1191 1277 1253 Laborat
1297 1199 1394 1252 autem
1411 1195 1569 1255 communi·

432 1283 488 1343 bus
508 1282 574 1341 istis
590 1286 718 1341 veterum
733 1279 904 1360 scriptorum
924 1280 1049 1357 morbis,
1072 1269 1257 1357 corruptidne
1272 1277 1422 1338 verborum
1444 1284 1474 1336 et
1488 1277 1569 1354 glos·

433 1367 552 1428 samntio
572 1367 602 1425 in
622 1365 714 1445 ipsum
736 1365 864 1425 ordinem
885 1366 1026 1444 receptis;
1061 1369 1180 1442 quorum
1200 1363 1365 1423 morborum
1392 1363 1439 1422 ille
1459 1363 1570 1424 facilior

431 1453 563 1533 judicata
587 1457 650 1528 est,
685 1450 792 1530 quippe
817 1450 968 1510 admonitis
993 1449 1149 1510 lectoribus
1168 1467 1244 1508 nunc
1270 1449 1458 1524 soloecismo,
1494 1468 1570 1510 nunc

435 1537 614 1598 obscuritate
633 1535 801 1610 verboram
826 1537 916 1614 ‘quod
936 1538 1030 1598 mrtem
1049 1535 1154 1596 attinet
1174 1534 1212 1596 ad
1232 1532 1422 1614 glossemata,
1456 1533 1568 1592 dubites

434 1638 654 1702 nonnunquam,
689 1620 738 1679 ubi
762 1620 928 1696 synonymis
949 1615 1040 1679 ‘illatis
1065 1619 1198 1678 videntur
1218 1621 1461 1700 περισσολογεῖν,
1494 1619 1569 1678 sitne

435 1703 616 1788 cnlpa'ista,
651 1705 677 1765 si
705 1703 789 1784 culpa
810 1704 934 1766 dicenda
960 1710 1022 1782 est,
1058 1703 1256 1780 librariorum,
1288 1723 1326 1764 an
1346 1707 1474 1784 ipsorum
1495 1702 1567 1762 ratio

434 1791 620 1872 scriptoram,
639 1789 831 1850 abundantiae
850 1789 890 1848 illi
911 1789 1051 1850 orationis
1071 1787 1289 1868 indulgentium.
1331 1789 1414 1855 Velut
1434 1785 1572 1864 Polybius

433 1876 530 1956 (utin
550 1876 606 1936 boc
626 1875 818 1954 potissimum,
837 1881 869 1935 st
889 1893 946 1934 uno
963 1875 1080 1952 quidem
1095 1875 1156 1954 ejus
1170 1873 1256 1950 libro,
1277 1875 1381 1953 primo,
1401 1869 1571 1950 subsistam)

436 1962 474 2038 1,
494 1962 521 2036 §-
542 1960 573 2024 4.
596 1959 667 2020 dicit
682 1954 930 2043 προκαλέσασθαι
949 1957 1002 2022 καί
1021 1962 1231 2042 παρορμῆσαι,
1254 1965 1284 2020 et
1303 1963 1340 2036 2,
1363 1953 1409 2039 ἓξ.
1432 1959 1461 2020 1.
1482 1964 1512 2017 et
1529 1959 1571 2034 2.,

436 2040 681 2128 παραβάλλωμεν
701 2044 755 2108 καί
776 2045 1005 2127 συγκρίναιμεν,
1036 2049 1091 2125 τῆς
1110 2046 1287 2127 παραβολῆς
1305 2042 1357 2119 καί
1379 2041 1572 2123 συγκρίσεως,

436 2125 535 2212 cippis
556 2129 610 2194 aot
630 2131 828 2207 δυναστείαν,
849 2131 1087 2209 quemadmodum
1108 2132 1194 2191 etiam
1213 2131 1250 2206 3,
1273 2131 1297 2205 i.
1321 2129 1383 2202 10.‚
1404 2123 1499 2208 α’ρχῆς
1519 2124 1572 2189 aul

360 2222 363 2229 ”
436 2216 631 2291 δυναστείας,
652 2222 684 2275 et
703 2215 764 2293 57,
784 2213 813 2298 ᾗ.
836 2217 881 2292 1.,
901 2209 994 2298 λόγον
1014 2209 1037 2296 ἢ
1057 2211 1216 2298 πρόνοιαν,
1238 2221 1268 2276 et
1288 2217 1347 2290 66,
1370 2208 1479 2293 §.10.,
1502 2207 1573 2274 ἆνέ·

437 2320 515 2376 σεως
534 2299 587 2364 καί
608 2304 732 2382 σχολῆς,
760 2299 917 2378 horumque
933 2300 1035 2361 similia
1051 2301 1194 2378 inveniat,
1223 2301 1272 2378 qui
1289 2304 1425 2376 venetur,
1453 2299 1574 2378 plurima

437 2389 469 2448 in
492 2387 596 2448 ceteris
615 2385 709 2464 libris,
727 2382 801 2464 quac
822 2385 948 2466 speciem
968 2387 1081 2464 quidem
1102 2406 1171 2466 prae
1192 2406 1225 2448 se
1241 2387 1337 2447 ferunt
1356 2385 1465 2444 alienae
1480 2385 1574 2442 inter·

437 2473 627 2552 prelationis,
649 2471 701 2531 sed
723 2472 809 2535 etiam
830 2490 849 2530 a
868 2471 1011 2550 scriptore
1030 2472 1163 2550 prolecta
1185 2489 1249 2532 esse
1269 2474 1410 2550 possunt,
1438 2485 1574 2548 pracser-

437 2555 491 2640 tim
508 2555 647 2634 Polybio,
669 2555 718 2635 qui
738 2556 867 2633 magistri
885 2575 1040 2636 personam
1061 2558 1136 2618 solet
1154 2557 1242 2632 ferre,
1262 2555 1410 2616 historiam
1431 2553 1575 2630 docentis,

439 2659 526 2720 quam
544 2646 647 2718 vocat,
672 2641 896 2720 pragmaticam,
917 2642 954 2702 ab
976 2659 1009 2701 se
1028 2648 1188 2724 repertam,
1208 2648 1240 2701 ut
1260 2642 1351 2702 videri
1369 2659 1428 2700 non
1449 2639 1576 2716 sine-ja·
1687 2715 1688 2720 η

440 2726 552 2786 stantia
575 2727 699 2805 quadam
720 2726 815 2808 cupit,
850 2731 881 2786 et
903 2747 939 2788 ex
959 2747 1014 2788 suo
1034 2727 1163 2806 inprimis
1180 2727 1253 2790 libro
1274 2725 1487 2788 addiscendam.
1531 2725 1578 2804 eat

439 2816 535 2872 autem
549 2812 750 2888 magistrorum
772 2811 969 2892 perspicuitati
988 2830 1104 2892 operam
1126 2813 1196 2871 dare
1216 2813 1376 2888 maximam,
1396 2811 1576 2890 proindeque

441 2896 607 2974 synonymia
627 2895 668 2954 nti
686 2900 773 2974 atque
794 2901 999 2980 ταυτολομεῒν,
1035 2917 1093 2976 quo
1113 2897 1214 2956 melius
1236 2897 1314 2954 dicta
1340 2913 1392 2956 sua
1415 2892 1577 2968 intelligant
1687 2939 1688 2960 ,

440 2980 573 3061 discipuli
602 2987 631 3041 et
655 2982 793 3041 memoria
820 2983 1073 3062 comprehendant.
1124 2980 1313 3042 Nihilominus
1335 2978 1475 3058 ejusmodi
1495 2975 1576 3036 locus

439 3065 540 3126 notavi
555 3063 655 3126 inboc
675 3065 784 3144 libello,
804 3073 836 3127 ut
850 3070 1002 3128 advertant
1017 3065 1152 3147 lectores,
1172 3085 1266 3144 neque
1287 3067 1459 3140 cautionem,
1480 3061 1576 3134 etiam,

440 3149 491 3210 ubi
511 3149 580 3210 nibil
599 3157 645 3211 est
663 3152 798 3232 periculi,
816 3153 1018 3232 negligendam
1040 3159 1090 3212 aut
1109 3150 1325 3232 vituperandam
1345 3155 1427 3230 puto,
1447 3148 1578 3210 minime·

441 3254 499 3314 que
515 3239 592 3312 tum,
623 3256 687 3296 cum
703 3238 837 3299 dissensu
860 3239 996 3306 librorum
1017 3241 1138 3316 augetur
1158 3235 1302 3316 auspicio,
1339 3231 1576 3314 quemadmodum

440 3320 534 3400 primo
555 3321 675 3390 istorum
695 3322 833 3399 locorum,
854 3327 929 3402 quos
948 3323 1178 3401 commemoravi,
1201 3324 1408 3404 asponensium
1427 3339 1481 3399 pro
1499 3339 1577 3398 παρ-

443 3407 577 3487 ορμῆσαι
596 3405 702 3484 legitur
722 3409 753 3469 in
770 3411 869 3468 codice
885 3407 1035 3481 Urbinate,
1057 3407 1134 3470 unde
1152 3407 1272 3484 colligas
1293 3412 1443 3484 utrumque
1460 3401 1577 3462 verbum

444 3509 511 3552 esse
528 3490 721 3571 erplicatoris.
763 3497 973 3576 praetereaque
992 3491 1047 3552 Est
1065 3491 1157 3554 madan
1177 3497 1207 3552 iu
1228 3493 1316 3568 rebus,
1336 3491 1414 3571 quod
1434 3486 1577 3572 praecipit

442 3593 564 3654 magnus
586 3577 700 3639 dicendi
720 3583 824 3637 auctor
843 3577 1003 3656 Horatius,
1041 3597 1095 3641 nec
1118 3579 1285 3656 ferendum,
1321 3585 1353 3636 ut
1373 3573 1477 3634 triviali
1498 3591 1579 3632 more

443 3659 576 3738 loquatur
594 3661 673 3721 domi
689 3661 862 3741 militiaeque
882 3681 982 3722 comes
1003 3659 1116 3742 (Velle'p
1138 3667 1177 3742 1,
1200 3661 1265 3746 13.)
1284 3661 1428 3742 Scipionis
1449 3657 1578 3720 Africani

443 3744 579 3821 minoris,
601 3747 655 3806 viri
675 3746 887 3826 elegantissimi.
949 3791 951 3796 -

528 3831 609 3908 Sod,
637 3851 676 3893 ne
695 3836 790 3896 σῦιιον
810 3829 861 3900 tal
881 3835 984 3918 φανῇ,
1008 3838 1039 3892 ut
1056 3833 1153 3912 ajunt,
1174 3852 1230 3912 age
1251 3833 1336 3898 telam
1357 3830 1431 3892 banc
1451 3832 1580 3890 nostram

343 3954 345 3957 -
446 3914 599 3976 ordiamur.

908 4095 1111 4105 mma->⁴

587 4152 754 4277 Annotota
778 4206 891 4277 cultim
914 4204 1114 4320 adPolybii
1137 4205 1255 4277 librum
1279 4205 1459 4298 primum(

487 4402 489 4415 ,
534 4336 610 4439 ⁰⁸⁹3
627 4336 658 4400 4·
692 4334 720 4420 i
743 4339 773 4406 l·
822 4333 863 4404 Τὸ
882 4335 941 4423 γαρ
962 4343 1018 4422 τῆς
1038 4311 1185 4425 ἡμετίρας
1202 4340 1406 4425 πραγματείας
1426 4335 1508 4402 idrus
1527 4333 1581 4400 acl

383 4489 386 4493 ,
447 4417 483 4498 sd
501 4426 678 4524 θάυμασιον
698 4425 760 4487 τᾶν
780 4419 853 4490 καθ’
866 4423 948 4508 ἡμᾶς
965 4431 1082 4509 πατρῶν
1102 4419 1193 4492 τοῦτο’
1209 4425 1307 4504 ἐστιν,
1341 4419 1404 4501 ὅτι,
1435 4419 1581 4506 καθάπερ

447 4503 566 4590 'livii
588 4503 695 4588 θίεδόν
715 4502 835 4577 ἅπαντα
853 4507 892 4576 ια’
908 4513 965 4594 τῆς
979 4510 1159 4596 οίιονμίνης
1172 4507 1331 4596 πράγματα
1339 4505 1423 4594 πρὸς
1433 4511 1469 4574 ἓν
1485 4508 1581 4577 ἔκλινε

448 4588 556 4688 μίρος,
588 4591 642 4656 eat
662 4588 763 4659 πάντα
781 4592 883 4662 ναίειν
903 4589 1058 4684 ἠνάγκασε
1077 4595 1156 4684 πρός
1176 4597 1230 4664 isc
1250 4597 1302 4662 acl
1323 4593 1376 4662 adv
1398 4587 1491 4662 ον’τὸν
1511 4615 1581 4662 cao·

448 4671 524 4754 στίν,
553 4673 635 4782 ρῦτω
654 4679 708 4745 καί
731 4677 783 4747 tul
802 4686 858 4765 τῆς
879 4682 1013 4768 ίστορίας
1032 4681 1097 4752 dud
1119 4687 1193 4770 μίαν
1214 4680 1351 4764 σιίνοψιν
1373 4675 1498 4766 οίμαμιῖν
1519 4685 1584 4756 τοῖς

324 4783 327 4787 ’
446 4759 663 4847 ίυτυηανουσι
680 4761 737 4832 τίν
755 4765 911 4854 ριιρισμόν
930 4774 986 4855 τῆς
1005 4764 1101 4856 τύχης
1121 4777 1176 4834 etc.
1218 4767 1579 4856 intellexeruntlieiskeus
