3675 5584
908 639 1121 704 ..34-

393 820 396 824 ’
446 806 565 890 dicit§.
586 811 635 886 3.,
658 809 822 872 Aetolorum
844 814 956 917 equites
979 817 1136 872 extremum
1155 811 1344 872 Macedonum
1366 829 1469 888 agmen
1487 791 1588 872 lentu-

445 897 522 955 visse
550 889 629 977 (ἅμα
657 894 690 958 ιλέ
716 921 758 982 τρι
785 895 843 977 τήν
869 891 1017 978 ον’ραγίαν
1043 895 1233 978 παραλλάξαι
1252 893 1309 978 τήν
1330 889 1440 983 πάλιν,
1473 893 1507 960 cd
1527 893 1589 976 μὲν

445 985 571 1130 προλιρρ
581 981 693 1146 ampo
718 987 779 1045 ταλν
806 985 986 1046 Αἰτωλικῶν
1016 981 1135 1047 ἱππίων
1163 965 1344 1060 ἐξελθόντες
1365 983 1585 1066 κατεπτίραζον

446 1089 509 1129 των
532 1089 605 1257 Cexp
624 1153 692 1229 15.,
721 1147 749 1232 5.
771 1155 802 1218 2.
845 1151 1122 1236 προβαίνονςοςιλέ
1141 1157 1199 1216 rori
1218 1145 1329 1230 πάτον,
1349 1149 1478 1216 κάπειτα
1499 1175 1590 1236 γενο-

287 1299 292 1308 ,
377 1272 378 1276 ,
445 1235 539 1319 με’νης
553 1231 694 1320 άκαιρίας
707 1261 759 1300 και
748 1237 971 1314 πολυποσίας
1013 1239 1183 1300 lnducnmus
1198 1239 1287 1300 verba
1301 1237 1352 1302 καλ
1365 1243 1452 1322 ιφ·
1474 1239 1588 1322 quippe

305 1367 309 1376 .
445 1327 522 1384 idem
542 1324 714 1386 πολνποσιά
734 1325 878 1402 significet
897 1319 1027 1403 utque'
1007 1327 1139 1407 ακαιρία,
1161 1323 1310 1404 magisque
1330 1326 1415 1386 etiam
1434 1323 1590 1384 molestum
1678 1325 1679 1338 ¹

448 1418 494 1470 est
513 1414 671 1488 propterea
691 1411 770 1487 quod
789 1410 872 1469 simul
895 1409 1016 1472 insertur
1037 1431 1100 1470 cum
1121 1411 1176 1470 illis
1196 1435 1219 1472 π
1221 1413 1287 1492 ρ.οβ
1310 1405 1403 1472 δὲ’
1364 1433 1474 1484 ποτον,
1510 1428 1590 1487 quae

446 1496 570 1556 eundem
589 1495 651 1554 lere
673 1514 789 1554 sensum
809 1494 944 1554 habent
971 1495 1064 1555 Recte
1084 1495 1147 1556 Pol.
1169 1497 1275 1556 dixisse
1296 1497 1424 1573 videtur,
1458 1495 1528 1554 sed
1531 1513 1590 1572 per

446 1601 497 1650 se,
529 1582 717 1643 πολυποσίαν
736 1580 809 1639 libro
829 1581 899 1658 29.,
927 1577 1045 1659 5,7.,
1076 1587 1109 1641 ut
1130 1581 1248 1660 colligas
1270 1601 1305 1642 ex
1327 1581 1423 1640 verbis
1444 1579 1590 1640 Athenaei

448 1664 578 1743 44ορ

532 1750 605 1828 Cap
630 1751 700 1826 21.‚
724 1745 800 1830 5..7
842 1749 990 1827 Polybius,
1010 1750 1098 1810 verba
1118 1751 1228 1810 inciens
1249 1751 1286 1810 de
1307 1751 1365 1810 situ
1386 1751 1514 1810 locorum
1534 1768 1587 1808 ac-

352 1874 354 1876 *
446 1840 544 1895 curate
562 1842 592 1894 et
611 1837 759 1914 quibusvis
778 1836 890 1894 indiciis
911 1837 1145 1940 designandum
1162 1836 1296 1899 historin:
1334 1829 1400 1898 ou'd'
1425 1829 1584 1914 circumdor,

448 1920 557 1998 inquit,
592 1917 667 1984 ποτέ
684 1918 742 2028 μὲν
763 1919 876 2001 λιμέσι,
910 1919 962 1982 καὶ
984 1917 1145 2027 πελάγεσι,
1172 1919 1235 2022 καλ
1256 1940 1364 2000 νησοις
1385 1925 1586 2022 συγχρῆσθαι

450 2007 601 2086 σημείοις,
623 2029 696 2068 ποτε
684 2003 751 2068 δὲ
770 1999 862 2074 πόλιν
885 2003 1035 2087 ίεροῖς,”
1017 2024 1115 2087 ορεσι,
1136 2003 1265 2109 χάραις,
1288 1999 1472 2090 ἐπωνύμοις.
1516 2007 1585 2064 Cas.

447 2093 538 2151 verba
560 2093 712 2169 conjuncta
730 2085 843 2172 χώραις
862 2089 955 2153 ἐποιν
976 2093 1074 2151 vertit:
1096 2097 1201 2151 nominc
1223 2095 1293 2168 agri.
1337 2093 1449 2167 Schw,
1470 2093 1499 2148 id
1521 2091 1585 2148 solo

448 2173 562 2259 χάραις
582 2177 736 2254 significari
756 2183 872 2256 puteus,
892 2171 1038 2256 ἐπαλννμοι
1058 2177 1238 2254 intelligebat
1258 2179 1429 2253 cognomina
1448 2177 1586 2252 locorum,

449 2283 523 2341 quae
552 2263 726 2338 cognomina
751 2263 865 2321 notiora
891 2263 1034 2321 interdum
1055 2262 1167 2340 Polybii
1195 2263 1351 2322 lectoribus
1374 2263 1480 2320 fuerint
1501 2281 1588 2340 quarn

448 2348 566 2405 nomina
581 2349 714 2426 propriu:
732 2350 808 2406 velut
829 2351 861 2422 2,
885 2349 935 2410 16.
957 2347 1105 2406 obscurius
1124 2347 1194 2405 Padi
1212 2366 1315 2406 nomen
1334 2349 1503 2424 cognomine
1520 2347 1588 2404 Eri-

448 2433 535 2506 duni‚
554 2434 705 2510 poetarum
727 2433 829 2493 fabulis
849 2433 998 2505 celebrati,
1020 2434 1219 2500 illustraverit;
1241 2451 1298 2508 quo
1319 2433 1483 2511 pertineant
1500 2433 1585 2490 etium

449 2518 541 2595 campi
561 2516 712 2596 Phlegraei
734 2521 770 2597 2,
803 2520 869 2590 17„
900 2519 947 2594 3.,
977 2520 1028 2581 91.
1050 2523 1079 2578 et
1100 2519 1156 2576 alia
1177 2519 1207 2575 id
1229 2537 1332 2593 genus.
1374 2517 1487 2576 Horum
1515 2517 1586 2577 illud

365 2651 374 2659 r
448 2603 517 2663 milui
537 2599 650 2662 videtur
669 2610 777 2662 temere
799 2604 1080 2702 dictum,·siquidem
1102 2603 1216 2662 minime
1237 2603 1368 2679 ignotum
1389 2603 1511 2662 Graecis
1533 2603 1586 2661 luit

449 2689 522 2747 Padi
543 2707 661 2757 nomem
696 2689 751 2747 hoc
771 2687 947 2766 ambiguum,
985 2689 1091 2766 quippe
1118 2709 1182 2747 cum
1207 2707 1323 2765 campos
1352 2688 1418 2746 illos
1447 2695 1584 2747 nontam

428 2799 431 2805 ¹
450 2790 632 2855 cognomine
644 2793 729 2851 quam
749 2774 864 2832 nomine
885 2773 1062 2850 Phlegraeos
1088 2773 1302 2874 appellaverint
1343 2773 1452 2852 Neque
1468 2774 1584 2832 Ernesti

448 2859 619 2938 persuadet,
652 2859 804 2934 legendum
825 2878 890 2918 esse
910 2853 992 2938 ’ὄρεσι
1011 2855 1112 2936 χώρας
1134 2851 1325 2938 ἐπωνύμοις,
1355 2861 1435 2936 quasi
1455 2860 1582 2916 dicantur

428 2949 581 3020 Δ,,ιιιοιιλιιι,
604 2949 652 3022 ραι·
670 2950 720 3003 cut
742 2945 863 3004 dederint
882 2963 972 3020 ιιοιιιιιι
993 2947 1107 3020 regioni,
1130 2951 1179 3005 ανί
1201 2945 1235 3004 αλ
1258 2963 1291 3002 ea
1304 2948 1463 3023 αιτιματκλς
1456 2947 1486 2980 ·“
1507 2961 1579 3018 quae

437 3029 593 3088 ¹sententio
620 3030 707 3104 longe
731 3031 855 3108 repetita
882 3035 937 3092 est.
980 3029 1121 3106 Equidem
1152 3030 1335 3107 depravatum
1367 3036 1437 3106 puto
1465 3027 1584 3087 verbum

450 3108 634 3193 ἐπωνύμοις,
654 3135 708 3192 pro
729 3134 822 3204 eoque
843 3115 1039 3194 reponendum
1057 3113 1220 3194 ἑπομένως,
1243 3114 1313 3190 quod
1334 3115 1411 3174 illius
1426 3115 1583 3196 (portuum,

410 3245 412 3249 >
449 3201 579 3273 marium,
600 3201 755 3258 insularum
769 3197 936 3282 mentionis)
952 3219 1107 3278 consequens
1121 3207 1168 3259 ert.
1212 3199 1293 3260 Nihil
1308 3201 1404 3280 aptius
1421 3200 1487 3258 huic
1508 3199 1584 3274 loco,

371 3357 378 3363 1
451 3292 481 3344 et
502 3285 631 3348 sim'diter
650 3285 713 3348 Pol.
735 3287 805 3355 dixit
825 3285 862 3360 4,
896 3289 931 3358 1,
960 3289 1005 3347 7.
1039 3321 1083 3331 -
1102 3278 1271 3358 τούτοιςιλ’
1290 3281 1447 3390 ἐπομένοις
1467 3277 1584 3361 ἐιληλά-

451 3389 563 3449 σαμεν,
599 3371 659 3431 τίνι
679 3367 780 3452 τρόπῳ
802 3370 854 3432 καλ
876 3373 950 3453 ποία
971 3370 1144 3480 προαιρέσερ
1164 3363 1387 3477 προσαγρμενοι
1408 3391 1463 3440 τας
1485 3365 1588 3444 πόλεις

449 3450 633 3534 ἐπεβάλοντο
655 3456 924 3537 Πελοποννησίους
944 3451 1062 3530 πάντας
1080 3452 1144 3520 ιλπύ
1165 3479 1224 3537 την
1246 3449 1344 3537 odorio
1365 3451 1449 3538 άγειν
1471 3447 1586 3537 ὄνομα·

329 3574 333 3586 ’
357 3615 359 3618 ⁴
451 3543 522 3606 σίαν
542 3540 595 3602 καλ
615 3543 778 3607 πολιτείαν.

536 3627 609 3705 Cap.
629 3631 701 3704 22,
731 3623 807 3707 54
851 3629 891 3688 ιλι’
914 3649 951 3687 ον
940 3618 1203 3732 (διρστὴματος)
1225 3624 1347 3708 φέρεται
1370 3623 1426 3706 μλν
1447 3622 1586 3703 ύπροει·

451 3709 581 3795 ρημένος
607 3709 743 3789 ποταμιλς
770 3705 840 3790 παρ’
869 3704 966 3787 αύτην
993 3709 1050 3790 τήν
1076 3717 1132 3772 rori
1159 3709 1258 3786 λόφου
1287 3713 1382 3794 dim
1426 3711 1585 3789 Interpres:
1678 3789 1679 3792 ρ

451 3833 494 3842 -
523 3818 583 3856 τνιιι
602 3801 658 3876 ipro
679 3819 770 3872 omne,
807 3801 917 3876 puipcr
939 3799 1010 3857 ι’λίαιλ
1027 3799 1116 3872 juxto
1138 3798 1286 3856 collium
1306 3798 1454 3856 radices
1475 3797 1585 3856 labitur.

409 3930 413 3937 ι
449 3883 521 3958 legit
539 3883 650 3958 igitur
642 3904 672 3941 ιιι
689 3883 762 3942 libro
780 3902 852 3958 suo,
883 3889 934 3942 aut
953 3883 1106 3960 legendum
1125 3884 1253 3960 censuit,
1288 3885 1349 3944 cciv
1371 3877 1495 3958 λόφων,
1532 3902 1586 3941 nec
1678 3943 1679 3956 ¹

449 3969 540 4043 male,
562 3987 625 4026 curn
646 3974 677 4027 et
697 3967 751 4027 hoc
774 3976 804 4027 et
822 3975 964 4046 sequente
985 3969 1078 4046 capite
1099 3966 1230 4029 dicantur
1252 3968 1351 4044 colles,
1374 3987 1434 4070 nou
1454 3967 1585 4046 singulus
1638 4031 1642 4037 ,
1678 3961 1679 3994 ί

444 4048 551 4126 collis,
572 4054 659 4130 idque
680 4055 718 4112 ad
739 4055 898 4118 veritatem
1678 4103 1679 4108 ,

364 4131 367 4136 ’
536 4137 611 4216 Cap·
631 4139 699 4214 25,
734 4136 764 4220 5.
781 4141 813 4202 3.
858 4131 906 4199 Δι’
927 4129 970 4201 οἷν
992 4135 1176 4220 παρώξυναν
1197 4134 1287 4210 τούς
1297 4140 1492 4212 νεανίσκους,
1529 4157 1585 4199 σν-
1678 4173 1679 4190 2

451 4221 636 4299 στραφέντας
666 4222 834 4304 ἐγχειρῆσαι
864 4217 1040 4324 διαρπάζειν
1075 4221 1130 4305 μὲν
1161 4219 1218 4296 τολς
1247 4226 1307 4284 τῶν
1336 4215 1585 4330 ἐπιφρνεστάτων

451 4308 551 4386 φίλων
578 4305 768 4384 καταλύσεις,
803 4302 959 4387 ἐκβάλλειν
985 4307 1018 4371 ιλέ
1039 4306 1093 4384 τάς
1114 4303 1217 4391 θύρας
1236 4305 1289 4370 καλ
1309 4303 1509 4371 κατακόπτειν
1531 4331 1585 4371 τον

450 4391 582 4474 κέραμον
603 4398 657 4473 τῆς
675 4398 730 4456 τοῦ
750 4392 896 4474 βασιλέως
917 4389 1019 4474 αύλῇς.
1066 4397 1224 4473 Interpres:
1242 4397 1444 4474 praecipuorum
1459 4415 1492 4452 εκ
1513 4397 1585 4454 urui-

452 4482 492 4538 cir
511 4482 599 4556 regis,
635 4486 712 4538 reete
733 4480 845 4558 quidem
867 4481 1113 4554 adnectendam,
1150 4479 1204 4538 huc
1225 4479 1316 4539 relato
1338 4491 1373 4540 ex
1397 4479 1585 4557 sequentibus

451 4565 566 4636 nomine
585 4562 746 4644 βασιλέαςε
768 4566 820 4623 sed
838 4585 940 4625 vereor
958 4567 987 4624 id
1008 4572 1041 4642 ut
1055 4566 1205 4626 commode
1221 4567 1324 4644 possit,
1345 4565 1497 4642 mulimque
1512 4582 1586 4624 sane

452 4649 538 4709 scribi
563 4653 626 4728 coin
652 4649 737 4729 ἐπιφ.
764 4653 820 4716 τοῦ
847 4648 993 4732 βασιλέως
1020 4651 1133 4730 φίλοιν,
1169 4670 1232 4709 cum
1260 4652 1391 4710 videntur
1419 4648 1585 4726 verisimile,

325 4731 329 4738 ’
435 4733 537 4813 ,verba
550 4739 607 4799 τοιλ
625 4737 694 4816 βασ.
714 4733 760 4796 vel
781 4755 849 4798 cusu
870 4742 997 4798 mutasse
1017 4735 1121 4815 locum,
1143 4735 1187 4796 vel
1207 4737 1305 4816 polius
1322 4735 1423 4798 sedulo
1443 4738 1587 4818 expuncta
1678 4761 1679 4810 j
