<?xml version="1.0" encoding="UTF-8"?>
<!DOCTYPE html PUBLIC "-//W3C//DTD XHTML 1.0 Transitional//EN"
    "http://www.w3.org/TR/xhtml1/DTD/xhtml1-transitional.dtd">
<html xmlns="http://www.w3.org/1999/xhtml" xml:lang="en" lang="en">
 <head>
  <title>
</title>
<meta http-equiv="Content-Type" content="text/html;charset=utf-8" />
  <meta name='ocr-system' content='tesseract 3.04.00' />
  <meta name='ocr-capabilities' content='ocr_page ocr_carea ocr_par ocr_line ocrx_word'/>
</head>
<body>
  <div class='ocr_page' id='page_1' title='image "./polybiana00bothgoog_0022.png"; bbox 0 0 3675 5584; ppageno 0'>
   <div class='ocr_carea' id='block_1_1' title="bbox 887 619 1098 718">
    <p class='ocr_par' dir='ltr' id='par_1_1' title="bbox 887 590 1107 718">
     <span class='ocr_line' id='line_1_1' title="bbox 887 619 1098 718; baseline 0.005 -2"><span class='ocrx_word' id='word_1_1' title='bbox 887 688 930 698; x_wconf 92' lang='lat'><em>-</em></span> <span class='ocrx_word' id='word_1_2' title='bbox 964 619 1014 718; x_wconf 82' lang='grc' dir='ltr'><strong>ἰο</strong></span> <span class='ocrx_word' id='word_1_3' title='bbox 1056 692 1098 704; x_wconf 79' lang='lat'><strong>.-</strong></span> 
     </span>
    </p>
   </div>
   <div class='ocr_carea' id='block_1_2' title="bbox 428 814 1568 1166">
    <p class='ocr_par' dir='ltr' id='par_1_2' title="bbox 428 814 1568 1166">
     <span class='ocr_line' id='line_1_2' title="bbox 514 814 1559 914; baseline 0.017 -34"><span class='ocrx_word' id='word_1_4' title='bbox 514 820 588 899; x_wconf 85' lang='lat' dir='ltr'><strong>Cap.</strong></span> <span class='ocrx_word' id='word_1_5' title='bbox 606 820 674 893; x_wconf 69' lang='lat'><strong>36„</strong></span> <span class='ocrx_word' id='word_1_6' title='bbox 698 814 727 900; x_wconf 64' lang='grc' dir='ltr'><strong>δ.</strong></span> <span class='ocrx_word' id='word_1_7' title='bbox 744 818 775 882; x_wconf 81' lang='grc'><strong>4.</strong></span> <span class='ocrx_word' id='word_1_8' title='bbox 806 815 839 902; x_wconf 14' lang='grc' dir='ltr'><strong>,δ’</strong></span> <span class='ocrx_word' id='word_1_9' title='bbox 858 818 898 903; x_wconf 72' lang='grc' dir='ltr'><strong>δή</strong></span> <span class='ocrx_word' id='word_1_10' title='bbox 918 821 971 888; x_wconf 75' lang='lat' dir='ltr'><strong>aab</strong></span> <span class='ocrx_word' id='word_1_11' title='bbox 992 821 1076 902; x_wconf 69' lang='grc' dir='ltr'><strong><em>τέλος</em></strong></span> <span class='ocrx_word' id='word_1_12' title='bbox 1096 825 1235 909; x_wconf 76' lang='grc' dir='ltr'><strong><em>δπο1ησε,</em></strong></span> <span class='ocrx_word' id='word_1_13' title='bbox 1256 825 1338 892; x_wconf 69' lang='lat' dir='ltr'><strong>aad</strong></span> <span class='ocrx_word' id='word_1_14' title='bbox 1360 828 1477 914; x_wconf 80' lang='grc' dir='ltr'><strong><em>βραγδν</em></strong></span> <span class='ocrx_word' id='word_1_15' title='bbox 1496 831 1559 898; x_wconf 81' lang='grc' dir='ltr'><strong><em>δπι-</em></strong></span> 
     </span>
     <span class='ocr_line' id='line_1_3' title="bbox 430 899 1561 1000; baseline 0.013 -31"><span class='ocrx_word' id='word_1_16' title='bbox 430 901 510 988; x_wconf 83' lang='grc' dir='ltr'><strong><em>σγαδν</em></strong></span> <span class='ocrx_word' id='word_1_17' title='bbox 529 899 650 986; x_wconf 77' lang='grc' dir='ltr'><strong><em>χρόνον.</em></strong></span> <span class='ocrx_word' id='word_1_18' title='bbox 679 905 777 965; x_wconf 83' lang='lat' dir='ltr'><strong>¹Hand</strong></span> <span class='ocrx_word' id='word_1_19' title='bbox 796 910 929 984; x_wconf 87' lang='lat' dir='ltr'><strong>congruit</strong></span> <span class='ocrx_word' id='word_1_20' title='bbox 945 905 1043 988; x_wconf 74' lang='grc' dir='ltr'><strong><em>τέλος,</em></strong></span> <span class='ocrx_word' id='word_1_21' title='bbox 1065 913 1188 991; x_wconf 72' lang='lat' dir='ltr'><strong>tandein,</strong></span> <span class='ocrx_word' id='word_1_22' title='bbox 1211 915 1307 975; x_wconf 87' lang='lat' dir='ltr'><strong>verbis</strong></span> <span class='ocrx_word' id='word_1_23' title='bbox 1328 911 1411 978; x_wconf 73' lang='grc' dir='ltr'><strong><em>πάνυ</em></strong></span> <span class='ocrx_word' id='word_1_24' title='bbox 1432 952 1474 970; x_wconf 85' lang='grc'><strong>--</strong></span> <span class='ocrx_word' id='word_1_25' title='bbox 1495 915 1561 1000; x_wconf 81' lang='grc' dir='ltr'><strong><em>γρό-</em></strong></span> 
     </span>
     <span class='ocr_line' id='line_1_4' title="bbox 429 988 1561 1080; baseline 0.008 -24"><span class='ocrx_word' id='word_1_26' title='bbox 429 1016 496 1067; x_wconf 89' lang='grc' dir='ltr'><strong><em>νον,</em></strong></span> <span class='ocrx_word' id='word_1_27' title='bbox 516 991 648 1070; x_wconf 83' lang='lat' dir='ltr'><strong>congruit</strong></span> <span class='ocrx_word' id='word_1_28' title='bbox 666 988 782 1069; x_wconf 75' lang='grc' dir='ltr'><strong><em>τελέαις,</em></strong></span> <span class='ocrx_word' id='word_1_29' title='bbox 796 1013 915 1072; x_wconf 72' lang='lat' dir='ltr'><strong>morsus,</strong></span> <span class='ocrx_word' id='word_1_30' title='bbox 933 997 1024 1075; x_wconf 82' lang='lat' dir='ltr'><strong>plone,</strong></span> <span class='ocrx_word' id='word_1_31' title='bbox 1045 1018 1102 1076; x_wconf 88' lang='lat' dir='ltr'><strong>quo</strong></span> <span class='ocrx_word' id='word_1_32' title='bbox 1123 1001 1262 1060; x_wconf 87' lang='lat' dir='ltr'><strong>vocabulo</strong></span> <span class='ocrx_word' id='word_1_33' title='bbox 1285 1020 1371 1080; x_wconf 85' lang='lat' dir='ltr'>saepe</span> <span class='ocrx_word' id='word_1_34' title='bbox 1393 1005 1480 1064; x_wconf 84' lang='lat' dir='ltr'><strong>utitur</strong></span> <span class='ocrx_word' id='word_1_35' title='bbox 1501 1005 1561 1064; x_wconf 89' lang='lat' dir='ltr'><strong>Po·</strong></span> 
     </span>
     <span class='ocr_line' id='line_1_5' title="bbox 428 1076 1568 1166; baseline 0.015 -30"><span class='ocrx_word' id='word_1_36' title='bbox 428 1078 535 1155; x_wconf 80' lang='lat' dir='ltr'><strong>lybius:</strong></span> <span class='ocrx_word' id='word_1_37' title='bbox 556 1077 613 1140; x_wconf 83' lang='lat' dir='ltr'><strong>vid.</strong></span> <span class='ocrx_word' id='word_1_38' title='bbox 629 1076 721 1138; x_wconf 86' lang='lat' dir='ltr'><strong>Schw.</strong></span> <span class='ocrx_word' id='word_1_39' title='bbox 743 1079 780 1136; x_wconf 90' lang='lat' dir='ltr'><strong>ad</strong></span> <span class='ocrx_word' id='word_1_40' title='bbox 802 1077 1062 1161; x_wconf 78' lang='lat' dir='ltr'><strong>cap.15.,§.10.,</strong></span> <span class='ocrx_word' id='word_1_41' title='bbox 1084 1085 1142 1162; x_wconf 88' lang='lat' dir='ltr'><strong>ubi,</strong></span> <span class='ocrx_word' id='word_1_42' title='bbox 1161 1087 1246 1163; x_wconf 92' lang='lat' dir='ltr'><strong>quod.</strong></span> <span class='ocrx_word' id='word_1_43' title='bbox 1259 1085 1369 1146; x_wconf 83' lang='lat' dir='ltr'><strong>babent</strong></span> <span class='ocrx_word' id='word_1_44' title='bbox 1389 1088 1465 1166; x_wconf 81' lang='lat' dir='ltr'>libri,</span> <span class='ocrx_word' id='word_1_45' title='bbox 1486 1087 1568 1164; x_wconf 66' lang='lat' dir='ltr'><strong>ciue</strong></span> 
     </span>
    </p>
   </div>
   <div class='ocr_carea' id='block_1_3' title="bbox 374 1161 1677 2782">
    <p class='ocr_par' dir='ltr' id='par_1_3' title="bbox 374 1161 1677 2782">
     <span class='ocr_line' id='line_1_6' title="bbox 426 1161 1562 1251; baseline 0.005 -25"><span class='ocrx_word' id='word_1_46' title='bbox 426 1163 527 1226; x_wconf 81' lang='lat' dir='ltr'><strong>Reislr.</strong></span> <span class='ocrx_word' id='word_1_47' title='bbox 541 1161 727 1240; x_wconf 82' lang='lat' dir='ltr'>probabiliter</span> <span class='ocrx_word' id='word_1_48' title='bbox 744 1167 862 1224; x_wconf 86' lang='lat' dir='ltr'><strong>mutavit</strong></span> <span class='ocrx_word' id='word_1_49' title='bbox 881 1167 911 1226; x_wconf 91' lang='lat' dir='ltr'><strong>in</strong></span> <span class='ocrx_word' id='word_1_50' title='bbox 931 1165 1047 1242; x_wconf 72' lang='grc' dir='ltr'><strong><em>τελέαις.</em></strong></span> <span class='ocrx_word' id='word_1_51' title='bbox 1089 1171 1207 1249; x_wconf 89' lang='lat' dir='ltr'><strong>pariter,</strong></span> <span class='ocrx_word' id='word_1_52' title='bbox 1228 1173 1258 1230; x_wconf 91' lang='lat' dir='ltr'><strong>ni</strong></span> <span class='ocrx_word' id='word_1_53' title='bbox 1276 1171 1370 1251; x_wconf 83' lang='lat' dir='ltr'><strong>failor,</strong></span> <span class='ocrx_word' id='word_1_54' title='bbox 1390 1173 1435 1234; x_wconf 90' lang='lat' dir='ltr'><strong>bic</strong></span> <span class='ocrx_word' id='word_1_55' title='bbox 1455 1175 1562 1234; x_wconf 87' lang='lat' dir='ltr'><strong>librarii</strong></span> 
     </span>
     <span class='ocr_line' id='line_1_7' title="bbox 428 1250 667 1327; baseline -0.017 -18"><span class='ocrx_word' id='word_1_56' title='bbox 428 1270 461 1309; x_wconf 83' lang='lat' dir='ltr'><strong>se</strong></span> <span class='ocrx_word' id='word_1_57' title='bbox 478 1250 667 1327; x_wconf 83' lang='lat' dir='ltr'><strong>impegerunt.</strong></span> 
     </span>
     <span class='ocr_line' id='line_1_8' title="bbox 470 1328 1563 1420; baseline 0.011 -28"><span class='ocrx_word' id='word_1_58' title='bbox 470 1330 475 1338; x_wconf 62' lang='lat'><strong>⁴</strong></span> <span class='ocrx_word' id='word_1_59' title='bbox 515 1333 588 1410; x_wconf 84' lang='lat' dir='ltr'><strong>Cap.</strong></span> <span class='ocrx_word' id='word_1_60' title='bbox 607 1333 669 1408; x_wconf 73' lang='lat'><strong>37,</strong></span> <span class='ocrx_word' id='word_1_61' title='bbox 690 1328 719 1414; x_wconf 82' lang='lat'><strong>§.</strong></span> <span class='ocrx_word' id='word_1_62' title='bbox 741 1335 770 1398; x_wconf 86' lang='lat'><strong>2.</strong></span> <span class='ocrx_word' id='word_1_63' title='bbox 812 1333 945 1416; x_wconf 78' lang='grc' dir='ltr'><strong><em>πολέμου</em></strong></span> <span class='ocrx_word' id='word_1_64' title='bbox 1041 1339 1209 1420; x_wconf 79' lang='grc' dir='ltr'><strong><em>ννιβιαιιοῦ.</em></strong></span> <span class='ocrx_word' id='word_1_65' title='bbox 1252 1341 1350 1402; x_wconf 81' lang='lat' dir='ltr'>Malim</span> <span class='ocrx_word' id='word_1_66' title='bbox 1372 1362 1442 1402; x_wconf 87' lang='lat' dir='ltr'><strong>sane</strong></span> <span class='ocrx_word' id='word_1_67' title='bbox 1460 1336 1563 1406; x_wconf 83' lang='grc' dir='ltr'><strong><em>Ἀννι-</em></strong></span> 
     </span>
     <span class='ocr_line' id='line_1_9' title="bbox 428 1411 1563 1506; baseline 0.003 -23"><span class='ocrx_word' id='word_1_68' title='bbox 428 1421 555 1504; x_wconf 80' lang='grc' dir='ltr'><strong><em>βαϊκοῦ,</em></strong></span> <span class='ocrx_word' id='word_1_69' title='bbox 584 1424 614 1476; x_wconf 90' lang='lat' dir='ltr'><strong>et</strong></span> <span class='ocrx_word' id='word_1_70' title='bbox 632 1411 826 1500; x_wconf 81' lang='grc' dir='ltr'><strong><em>Ἀννιβαϊιιόν</em></strong></span> <span class='ocrx_word' id='word_1_71' title='bbox 847 1423 905 1500; x_wconf 82' lang='grc'><strong>71,</strong></span> <span class='ocrx_word' id='word_1_72' title='bbox 1061 1427 1096 1500; x_wconf 84' lang='grc'><strong>1,</strong></span> <span class='ocrx_word' id='word_1_73' title='bbox 1121 1429 1149 1489; x_wconf 93' lang='grc'><strong>1.</strong></span> <span class='ocrx_word' id='word_1_74' title='bbox 1170 1432 1200 1484; x_wconf 87' lang='lat' dir='ltr'><strong>et</strong></span> <span class='ocrx_word' id='word_1_75' title='bbox 1220 1427 1310 1504; x_wconf 85' lang='lat' dir='ltr'><strong>alias,</strong></span> <span class='ocrx_word' id='word_1_76' title='bbox 1336 1448 1420 1506; x_wconf 91' lang='lat' dir='ltr'><strong>quam</strong></span> <span class='ocrx_word' id='word_1_77' title='bbox 1443 1427 1563 1486; x_wconf 83' lang='lat' dir='ltr'><strong>formam</strong></span> 
     </span>
     <span class='ocr_line' id='line_1_10' title="bbox 429 1500 1564 1590; baseline 0.002 -21"><span class='ocrx_word' id='word_1_78' title='bbox 429 1500 582 1585; x_wconf 81' lang='grc' dir='ltr'><strong><em>όνόλογον</em></strong></span> <span class='ocrx_word' id='word_1_79' title='bbox 596 1503 643 1561; x_wconf 90' lang='lat' dir='ltr'><strong>bic</strong></span> <span class='ocrx_word' id='word_1_80' title='bbox 657 1505 714 1562; x_wconf 84' lang='lat' dir='ltr'><strong>illic</strong></span> <span class='ocrx_word' id='word_1_81' title='bbox 729 1512 880 1564; x_wconf 85' lang='lat' dir='ltr'><strong>servarunt</strong></span> <span class='ocrx_word' id='word_1_82' title='bbox 892 1509 947 1566; x_wconf 94' lang='lat' dir='ltr'><strong>cod</strong></span> <span class='ocrx_word' id='word_1_83' title='bbox 1025 1510 1092 1568; x_wconf 88' lang='lat' dir='ltr'><strong>tiam</strong></span> <span class='ocrx_word' id='word_1_84' title='bbox 1107 1511 1280 1570; x_wconf 83' lang='lat' dir='ltr'><strong>Casaubouo</strong></span> <span class='ocrx_word' id='word_1_85' title='bbox 1295 1514 1454 1590; x_wconf 86' lang='lat' dir='ltr'><strong>probatam.</strong></span> <span class='ocrx_word' id='word_1_86' title='bbox 1479 1515 1564 1572; x_wconf 86' lang='lat' dir='ltr'><strong>aliam</strong></span> 
     </span>
     <span class='ocr_line' id='line_1_11' title="bbox 428 1587 1565 1693; baseline 0.01 -45"><span class='ocrx_word' id='word_1_87' title='bbox 428 1591 590 1693; x_wconf 82' lang='lat' dir='ltr'><strong>analpgiam</strong></span> <span class='ocrx_word' id='word_1_88' title='bbox 612 1589 741 1668; x_wconf 86' lang='lat' dir='ltr'><strong>sequitur</strong></span> <span class='ocrx_word' id='word_1_89' title='bbox 760 1587 941 1673; x_wconf 76' lang='grc' dir='ltr'><strong><em>Ἀννίβειος,</em></strong></span> <span class='ocrx_word' id='word_1_90' title='bbox 963 1595 1067 1654; x_wconf 89' lang='lat' dir='ltr'><strong>dictum</strong></span> <span class='ocrx_word' id='word_1_91' title='bbox 1089 1595 1157 1656; x_wconf 91' lang='lat' dir='ltr'><strong>illud</strong></span> <span class='ocrx_word' id='word_1_92' title='bbox 1176 1602 1207 1655; x_wconf 93' lang='lat' dir='ltr'><strong>ut</strong></span> <span class='ocrx_word' id='word_1_93' title='bbox 1231 1592 1452 1681; x_wconf 79' lang='grc' dir='ltr'><strong><em>Πυθαγόρειος,</em></strong></span> <span class='ocrx_word' id='word_1_94' title='bbox 1472 1591 1565 1662; x_wconf 84' lang='grc' dir='ltr'><strong><em>Ἀνα-</em></strong></span> 
     </span>
     <span class='ocr_line' id='line_1_12' title="bbox 483 1697 1677 1742; baseline 0.003 -3"><span class='ocrx_word' id='word_1_95' title='bbox 483 1697 589 1739; x_wconf 92' lang='grc' dir='ltr'><strong><em>οειο.</em></strong></span> <span class='ocrx_word' id='word_1_96' title='bbox 895 1714 898 1719; x_wconf 65' lang='grc'>«</span> <span class='ocrx_word' id='word_1_97' title='bbox 1440 1737 1442 1740; x_wconf 89' lang='grc'><strong>.</strong></span> <span class='ocrx_word' id='word_1_98' title='bbox 1673 1717 1677 1742; x_wconf 48' lang='grc' dir='ltr'><strong>ι.</strong></span> 
     </span>
     <span class='ocr_line' id='line_1_13' title="bbox 427 1678 1564 1868; baseline 0.011 -51"><span class='ocrx_word' id='word_1_99' title='bbox 427 1678 481 1760; x_wconf 55' lang='grc' dir='ltr'><strong>ξαν</strong></span> <span class='ocrx_word' id='word_1_100' title='bbox 501 1698 588 1840; x_wconf 66' lang='grc' dir='ltr'><strong>ρῦογό.</strong></span> <span class='ocrx_word' id='word_1_101' title='bbox 610 1756 678 1837; x_wconf 83' lang='grc'><strong>41.,</strong></span> <span class='ocrx_word' id='word_1_102' title='bbox 702 1756 736 1868; x_wconf 62' lang='lat' dir='ltr'><strong>§j</strong></span> <span class='ocrx_word' id='word_1_103' title='bbox 749 1757 780 1822; x_wconf 81' lang='lat'><strong>4·</strong></span> <span class='ocrx_word' id='word_1_104' title='bbox 818 1756 895 1826; x_wconf 80' lang='grc' dir='ltr'><strong>Ἀπδ</strong></span> <span class='ocrx_word' id='word_1_105' title='bbox 916 1759 973 1848; x_wconf 61' lang='lat' dir='ltr'><strong>peip</strong></span> <span class='ocrx_word' id='word_1_106' title='bbox 1000 1769 1170 1848; x_wconf 80' lang='grc' dir='ltr'><strong><em>Τισαμενοῦ</em></strong></span> <span class='ocrx_word' id='word_1_107' title='bbox 1191 1764 1435 1848; x_wconf 76' lang='grc' dir='ltr'><strong><em>βασιλευθὲντες,</em></strong></span> <span class='ocrx_word' id='word_1_108' title='bbox 1469 1757 1564 1850; x_wconf 64' lang='lat' dir='ltr'><strong>dedu</strong></span> 
     </span>
     <span class='ocr_line' id='line_1_14' title="bbox 429 1841 1564 1930; baseline 0.003 -19"><span class='ocrx_word' id='word_1_109' title='bbox 429 1842 569 1928; x_wconf 76' lang='grc' dir='ltr'><strong><em>Ὀρέστου</em></strong></span> <span class='ocrx_word' id='word_1_110' title='bbox 593 1841 648 1926; x_wconf 75' lang='grc' dir='ltr'><strong>μὲν</strong></span> <span class='ocrx_word' id='word_1_111' title='bbox 668 1845 751 1924; x_wconf 73' lang='grc' dir='ltr'><strong><em>νόος,</em></strong></span> <span class='ocrx_word' id='word_1_112' title='bbox 783 1849 860 1910; x_wconf 75' lang='lat' dir='ltr'><strong>need</strong></span> <span class='ocrx_word' id='word_1_113' title='bbox 882 1845 915 1911; x_wconf 71' lang='grc' dir='ltr'><strong>δὲ</strong></span> <span class='ocrx_word' id='word_1_114' title='bbox 935 1845 992 1930; x_wconf 76' lang='grc' dir='ltr'><strong><em>τη“ν</em></strong></span> <span class='ocrx_word' id='word_1_115' title='bbox 1013 1855 1075 1913; x_wconf 77' lang='grc' dir='ltr'><strong><em>’ταῖν</em></strong></span> <span class='ocrx_word' id='word_1_116' title='bbox 1095 1851 1297 1929; x_wconf 68' lang='grc' dir='ltr'><strong><em>Ἡρακλειδῶν</em></strong></span> <span class='ocrx_word' id='word_1_117' title='bbox 1317 1849 1458 1916; x_wconf 79' lang='grc' dir='ltr'><strong><em>κάθοδον</em></strong></span> <span class='ocrx_word' id='word_1_118' title='bbox 1480 1851 1564 1916; x_wconf 76' lang='grc' dir='ltr'><strong><em>ἐκπε-</em></strong></span> 
     </span>
     <span class='ocr_line' id='line_1_15' title="bbox 430 1926 1564 2016; baseline 0.006 -24"><span class='ocrx_word' id='word_1_119' title='bbox 430 1929 493 1996; x_wconf 79' lang='lat' dir='ltr'><strong>noio</strong></span> <span class='ocrx_word' id='word_1_120' title='bbox 514 1935 570 2012; x_wconf 78' lang='grc' dir='ltr'><strong><em>τῆς</em></strong></span> <span class='ocrx_word' id='word_1_121' title='bbox 593 1926 736 2011; x_wconf 74' lang='grc' dir='ltr'><strong><em>Σπάρτης</em></strong></span> <span class='ocrx_word' id='word_1_122' title='bbox 756 1932 879 2010; x_wconf 78' lang='grc' dir='ltr'><strong><em>κατέσχε</em></strong></span> <span class='ocrx_word' id='word_1_123' title='bbox 899 1932 972 2006; x_wconf 78' lang='grc' dir='ltr'><strong>τούς</strong></span> <span class='ocrx_word' id='word_1_124' title='bbox 992 1935 1062 2016; x_wconf 78' lang='grc' dir='ltr'><strong><em>περὶ</em></strong></span> <span class='ocrx_word' id='word_1_125' title='bbox 1082 1928 1205 2016; x_wconf 82' lang='grc' dir='ltr'><strong><em>Ἀηαΐαν</em></strong></span> <span class='ocrx_word' id='word_1_126' title='bbox 1226 1934 1350 2015; x_wconf 79' lang='grc' dir='ltr'><strong><em>τόπους,</em></strong></span> <span class='ocrx_word' id='word_1_127' title='bbox 1369 1932 1432 2000; x_wconf 74' lang='lat' dir='ltr'><strong>dud</strong></span> <span class='ocrx_word' id='word_1_128' title='bbox 1453 1931 1564 2000; x_wconf 74' lang='lat' dir='ltr'><strong>codron</strong></span> 
     </span>
     <span class='ocr_line' id='line_1_16' title="bbox 428 2012 1565 2104; baseline 0.002 -25"><span class='ocrx_word' id='word_1_129' title='bbox 428 2053 472 2062; x_wconf 85' lang='lat'><strong>-·</strong></span> <span class='ocrx_word' id='word_1_130' title='bbox 494 2017 550 2092; x_wconf 72' lang='grc' dir='ltr'><strong>ἕως</strong></span> <span class='ocrx_word' id='word_1_131' title='bbox 569 2012 702 2100; x_wconf 74' lang='grc' dir='ltr'><strong><em>Ὠγύγου</em></strong></span> <span class='ocrx_word' id='word_1_132' title='bbox 721 2014 952 2104; x_wconf 73' lang='grc' dir='ltr'><strong><em>βασιλευθέντες</em></strong></span> <span class='ocrx_word' id='word_1_133' title='bbox 973 2025 1028 2078; x_wconf 90' lang='lat' dir='ltr'><strong>etc.</strong></span> <span class='ocrx_word' id='word_1_134' title='bbox 1070 2021 1232 2080; x_wconf 87' lang='lat' dir='ltr'><strong>Delendum</strong></span> <span class='ocrx_word' id='word_1_135' title='bbox 1254 2025 1334 2100; x_wconf 83' lang='lat' dir='ltr'><strong>prius</strong></span> <span class='ocrx_word' id='word_1_136' title='bbox 1356 2024 1466 2104; x_wconf 77' lang='grc' dir='ltr'><strong><em>βασιλ.,</em></strong></span> <span class='ocrx_word' id='word_1_137' title='bbox 1487 2023 1565 2100; x_wconf 93' lang='lat' dir='ltr'><strong>quod</strong></span> 
     </span>
     <span class='ocr_line' id='line_1_17' title="bbox 428 2101 1565 2184; baseline 0.002 -20"><span class='ocrx_word' id='word_1_138' title='bbox 428 2102 683 2184; x_wconf 83' lang='lat' dir='ltr'><strong>praeoccupaverit</strong></span> <span class='ocrx_word' id='word_1_139' title='bbox 699 2101 839 2160; x_wconf 82' lang='lat' dir='ltr'><strong>festinans</strong></span> <span class='ocrx_word' id='word_1_140' title='bbox 853 2101 1007 2179; x_wconf 22' lang='lat' dir='ltr'><strong>,librarium</strong></span> <span class='ocrx_word' id='word_1_141' title='bbox 1040 2103 1155 2162; x_wconf 88' lang='lat' dir='ltr'><strong>minime</strong></span> <span class='ocrx_word' id='word_1_142' title='bbox 1174 2106 1290 2182; x_wconf 86' lang='lat' dir='ltr'><strong>quidem</strong></span> <span class='ocrx_word' id='word_1_143' title='bbox 1311 2113 1409 2184; x_wconf 90' lang='lat' dir='ltr'><strong>aptum</strong></span> <span class='ocrx_word' id='word_1_144' title='bbox 1435 2109 1462 2167; x_wconf 85' lang='lat' dir='ltr'><strong>ei</strong></span> <span class='ocrx_word' id='word_1_145' title='bbox 1491 2108 1565 2167; x_wconf 88' lang='lat' dir='ltr'><strong>loco.</strong></span> 
     </span>
     <span class='ocr_line' id='line_1_18' title="bbox 513 2180 1564 2274; baseline 0.007 -27"><span class='ocrx_word' id='word_1_146' title='bbox 513 2189 639 2264; x_wconf 80' lang='lat' dir='ltr'>Ibidem,</span> <span class='ocrx_word' id='word_1_147' title='bbox 673 2180 700 2265; x_wconf 59' lang='grc' dir='ltr'><strong>ᾗ.</strong></span> <span class='ocrx_word' id='word_1_148' title='bbox 718 2188 769 2250; x_wconf 86' lang='lat'><strong>12.</strong></span> <span class='ocrx_word' id='word_1_149' title='bbox 814 2185 876 2247; x_wconf 67' lang='lat' dir='ltr'><strong>Kal</strong></span> <span class='ocrx_word' id='word_1_150' title='bbox 896 2189 1013 2266; x_wconf 76' lang='grc' dir='ltr'><strong><em>πρῶτοι</em></strong></span> <span class='ocrx_word' id='word_1_151' title='bbox 1035 2185 1090 2268; x_wconf 75' lang='grc' dir='ltr'><strong>μὲν</strong></span> <span class='ocrx_word' id='word_1_152' title='bbox 1113 2181 1298 2274; x_wconf 80' lang='grc' dir='ltr'><strong><em>συνέστησαν</em></strong></span> <span class='ocrx_word' id='word_1_153' title='bbox 1319 2195 1466 2272; x_wconf 82' lang='grc' dir='ltr'><strong><em>Δυμαῖοι,</em></strong></span> <span class='ocrx_word' id='word_1_154' title='bbox 1501 2195 1564 2254; x_wconf 88' lang='grc' dir='ltr'><strong>Πα-</strong></span> 
     </span>
     <span class='ocr_line' id='line_1_19' title="bbox 428 2266 1566 2417; baseline 0.004 -81"><span class='ocrx_word' id='word_1_155' title='bbox 428 2281 516 2357; x_wconf 84' lang='grc' dir='ltr'><strong><em>τρεῖς,</em></strong></span> <span class='ocrx_word' id='word_1_156' title='bbox 545 2276 702 2417; x_wconf 69' lang='grc' dir='ltr'><strong><em>Τριτιηεῖς,</em></strong></span> <span class='ocrx_word' id='word_1_157' title='bbox 726 2273 885 2350; x_wconf 74' lang='grc' dir='ltr'><strong><em>Φαραιεῖς·</em></strong></span> <span class='ocrx_word' id='word_1_158' title='bbox 908 2266 1012 2354; x_wconf 80' lang='grc' dir='ltr'><strong><em>διόπερ</em></strong></span> <span class='ocrx_word' id='word_1_159' title='bbox 1034 2267 1107 2354; x_wconf 76' lang='grc' dir='ltr'><strong>ου’δδΙ</strong></span> <span class='ocrx_word' id='word_1_160' title='bbox 1129 2267 1243 2355; x_wconf 75' lang='grc' dir='ltr'><strong><em>στήλην</em></strong></span> <span class='ocrx_word' id='word_1_161' title='bbox 1263 2273 1414 2358; x_wconf 78' lang='grc' dir='ltr'><strong><em>όποίρχειν</em></strong></span> <span class='ocrx_word' id='word_1_162' title='bbox 1436 2279 1566 2358; x_wconf 82' lang='grc' dir='ltr'><strong><em>συμβαί-</em></strong></span> 
     </span>
     <span class='ocr_line' id='line_1_20' title="bbox 374 2351 1566 2442; baseline -0.001 -19"><span class='ocrx_word' id='word_1_163' title='bbox 374 2371 379 2380; x_wconf 98' lang='grc'><strong><em>’</em></strong></span> <span class='ocrx_word' id='word_1_164' title='bbox 428 2384 475 2423; x_wconf 89' lang='grc' dir='ltr'><strong><em>νει</em></strong></span> <span class='ocrx_word' id='word_1_165' title='bbox 495 2362 559 2420; x_wconf 78' lang='grc' dir='ltr'><strong><em>τῶν</em></strong></span> <span class='ocrx_word' id='word_1_166' title='bbox 582 2351 621 2419; x_wconf 94' lang='grc' dir='ltr'><strong>πό</strong></span> <span class='ocrx_word' id='word_1_167' title='bbox 640 2379 704 2418; x_wconf 86' lang='grc' dir='ltr'><strong><em>εων.</em></strong></span> <span class='ocrx_word' id='word_1_168' title='bbox 724 2351 842 2419; x_wconf 84' lang='grc' dir='ltr'><strong><em>τοότοιν</em></strong></span> <span class='ocrx_word' id='word_1_169' title='bbox 867 2356 938 2438; x_wconf 77' lang='grc' dir='ltr'><strong><em>περὶ</em></strong></span> <span class='ocrx_word' id='word_1_170' title='bbox 964 2363 1018 2440; x_wconf 80' lang='grc' dir='ltr'><strong><em>τῆς</em></strong></span> <span class='ocrx_word' id='word_1_171' title='bbox 1046 2362 1267 2442; x_wconf 80' lang='grc' dir='ltr'><strong><em>συμπολιτείας.</em></strong></span> <span class='ocrx_word' id='word_1_172' title='bbox 1310 2363 1391 2423; x_wconf 87' lang='lat' dir='ltr'><strong>Haec</strong></span> <span class='ocrx_word' id='word_1_173' title='bbox 1418 2364 1442 2421; x_wconf 82' lang='lat' dir='ltr'><strong>si</strong></span> <span class='ocrx_word' id='word_1_174' title='bbox 1467 2381 1566 2422; x_wconf 85' lang='lat' dir='ltr'><strong>manus</strong></span> 
     </span>
     <span class='ocr_line' id='line_1_21' title="bbox 429 2442 1595 2524; baseline -0.001 -19"><span class='ocrx_word' id='word_1_175' title='bbox 429 2452 507 2505; x_wconf 83' lang='lat' dir='ltr'><strong>esset</strong></span> <span class='ocrx_word' id='word_1_176' title='bbox 528 2442 691 2521; x_wconf 85' lang='lat' dir='ltr'><strong>scriptoris,</strong></span> <span class='ocrx_word' id='word_1_177' title='bbox 723 2444 937 2502; x_wconf 85' lang='lat' dir='ltr'><strong>assentiendum</strong></span> <span class='ocrx_word' id='word_1_178' title='bbox 957 2446 1056 2522; x_wconf 90' lang='lat' dir='ltr'><strong>utique</strong></span> <span class='ocrx_word' id='word_1_179' title='bbox 1076 2447 1154 2505; x_wconf 82' lang='lat' dir='ltr'><strong>soret</strong></span> <span class='ocrx_word' id='word_1_180' title='bbox 1174 2446 1201 2505; x_wconf 91' lang='lat' dir='ltr'><strong>J.</strong></span> <span class='ocrx_word' id='word_1_181' title='bbox 1222 2447 1255 2506; x_wconf 83' lang='lat' dir='ltr'><strong>F.</strong></span> <span class='ocrx_word' id='word_1_182' title='bbox 1275 2449 1441 2524; x_wconf 88' lang='lat' dir='ltr'><strong>Gronovio,</strong></span> <span class='ocrx_word' id='word_1_183' title='bbox 1476 2448 1566 2507; x_wconf 88' lang='lat' dir='ltr'><strong>verba</strong></span> <span class='ocrx_word' id='word_1_184' title='bbox 1593 2500 1595 2504; x_wconf 83' lang='lat'><em>.</em></span> 
     </span>
     <span class='ocr_line' id='line_1_22' title="bbox 429 2527 1565 2612; baseline -0.002 -20"><span class='ocrx_word' id='word_1_185' title='bbox 429 2527 590 2609; x_wconf 85' lang='grc' dir='ltr'><strong><em>διόπερ-</em></strong></span> <span class='ocrx_word' id='word_1_186' title='bbox 603 2531 731 2607; x_wconf 79' lang='grc' dir='ltr'><strong><em>συμπολ.</em></strong></span> <span class='ocrx_word' id='word_1_187' title='bbox 754 2529 902 2605; x_wconf 83' lang='lat' dir='ltr'>reponenti</span> <span class='ocrx_word' id='word_1_188' title='bbox 924 2528 952 2612; x_wconf 61' lang='grc' dir='ltr'><strong>ξ.</strong></span> <span class='ocrx_word' id='word_1_189' title='bbox 969 2532 1019 2592; x_wconf 91' lang='grc'><strong>10.</strong></span> <span class='ocrx_word' id='word_1_190' title='bbox 1033 2538 1103 2609; x_wconf 85' lang='lat' dir='ltr'><strong>post</strong></span> <span class='ocrx_word' id='word_1_191' title='bbox 1121 2536 1185 2606; x_wconf 84' lang='grc' dir='ltr'><strong><em>τοῖς</em></strong></span> <span class='ocrx_word' id='word_1_192' title='bbox 1194 2527 1330 2612; x_wconf 75' lang='grc' dir='ltr'><strong>Ἕλλησι.</strong></span> <span class='ocrx_word' id='word_1_193' title='bbox 1374 2535 1471 2612; x_wconf 85' lang='lat' dir='ltr'><strong>inepte</strong></span> <span class='ocrx_word' id='word_1_194' title='bbox 1490 2533 1565 2592; x_wconf 89' lang='lat' dir='ltr'><strong>enim</strong></span> 
     </span>
     <span class='ocr_line' id='line_1_23' title="bbox 428 2612 1568 2698; baseline 0.004 -24"><span class='ocrx_word' id='word_1_195' title='bbox 428 2618 585 2694; x_wconf 79' lang='lat' dir='ltr'><strong>interpres:</strong></span> <span class='ocrx_word' id='word_1_196' title='bbox 606 2612 821 2692; x_wconf 86' lang='lat' dir='ltr'><strong>„quamobrem</strong></span> <span class='ocrx_word' id='word_1_197' title='bbox 834 2634 871 2673; x_wconf 90' lang='lat' dir='ltr'><strong>ue</strong></span> <span class='ocrx_word' id='word_1_198' title='bbox 889 2615 1019 2674; x_wconf 87' lang='lat' dir='ltr'><strong>columna</strong></span> <span class='ocrx_word' id='word_1_199' title='bbox 1034 2617 1148 2694; x_wconf 88' lang='lat' dir='ltr'><strong>quidem</strong></span> <span class='ocrx_word' id='word_1_200' title='bbox 1164 2617 1221 2677; x_wconf 85' lang='lat' dir='ltr'><strong>ulla</strong></span> <span class='ocrx_word' id='word_1_201' title='bbox 1236 2625 1330 2678; x_wconf 86' lang='lat' dir='ltr'><strong>exstat</strong></span> <span class='ocrx_word' id='word_1_202' title='bbox 1347 2619 1383 2678; x_wconf 89' lang='lat' dir='ltr'><strong>de</strong></span> <span class='ocrx_word' id='word_1_203' title='bbox 1399 2619 1568 2698; x_wconf 60' lang='lat' dir='ltr'><strong>batumum,</strong></span> 
     </span>
     <span class='ocr_line' id='line_1_24' title="bbox 429 2697 1567 2782; baseline 0.004 -22"><span class='ocrx_word' id='word_1_204' title='bbox 429 2701 507 2760; x_wconf 89' lang='lat' dir='ltr'><strong>bium</strong></span> <span class='ocrx_word' id='word_1_205' title='bbox 528 2701 557 2758; x_wconf 92' lang='lat' dir='ltr'><strong>iu</strong></span> <span class='ocrx_word' id='word_1_206' title='bbox 575 2701 695 2757; x_wconf 89' lang='lat' dir='ltr'><strong>eandem</strong></span> <span class='ocrx_word' id='word_1_207' title='bbox 717 2697 850 2776; x_wconf 84' lang='lat' dir='ltr'><strong>Reipubl.</strong></span> <span class='ocrx_word' id='word_1_208' title='bbox 871 2699 991 2757; x_wconf 84' lang='lat' dir='ltr'><strong>formam</strong></span> <span class='ocrx_word' id='word_1_209' title='bbox 1015 2703 1205 2774; x_wconf 84' lang='lat' dir='ltr'><strong>cousensu;“</strong></span> <span class='ocrx_word' id='word_1_210' title='bbox 1226 2723 1320 2782; x_wconf 91' lang='lat' dir='ltr'><strong>neque</strong></span> <span class='ocrx_word' id='word_1_211' title='bbox 1339 2703 1497 2762; x_wconf 88' lang='lat' dir='ltr'><strong>audiendus</strong></span> <span class='ocrx_word' id='word_1_212' title='bbox 1521 2710 1567 2766; x_wconf 87' lang='lat' dir='ltr'><strong>est</strong></span> 
     </span>
    </p>
   </div>
   <div class='ocr_carea' id='block_1_4' title="bbox 429 2783 1682 2948">
    <p class='ocr_par' dir='ltr' id='par_1_4' title="bbox 429 2783 1682 2948">
     <span class='ocr_line' id='line_1_25' title="bbox 430 2783 1682 2868; baseline 0.006 -24"><span class='ocrx_word' id='word_1_213' title='bbox 430 2787 584 2861; x_wconf 80' lang='lat' dir='ltr'><strong>Reiskeus,</strong></span> <span class='ocrx_word' id='word_1_214' title='bbox 601 2803 663 2843; x_wconf 89' lang='lat' dir='ltr'><strong>cum</strong></span> <span class='ocrx_word' id='word_1_215' title='bbox 681 2783 763 2840; x_wconf 83' lang='lat' dir='ltr'><strong>dicit:</strong></span> <span class='ocrx_word' id='word_1_216' title='bbox 786 2783 889 2858; x_wconf 91' lang='lat' dir='ltr'><strong>„Nibil</strong></span> <span class='ocrx_word' id='word_1_217' title='bbox 906 2783 953 2842; x_wconf 89' lang='lat' dir='ltr'><strong>bic</strong></span> <span class='ocrx_word' id='word_1_218' title='bbox 971 2784 1026 2844; x_wconf 90' lang='lat' dir='ltr'><strong>loci</strong></span> <span class='ocrx_word' id='word_1_219' title='bbox 1045 2792 1091 2845; x_wconf 87' lang='lat' dir='ltr'><strong>est</strong></span> <span class='ocrx_word' id='word_1_220' title='bbox 1106 2787 1250 2865; x_wconf 85' lang='lat' dir='ltr'><strong>vitiosum,</strong></span> <span class='ocrx_word' id='word_1_221' title='bbox 1269 2787 1336 2848; x_wconf 83' lang='lat' dir='ltr'><strong>nibil</strong></span> <span class='ocrx_word' id='word_1_222' title='bbox 1349 2791 1566 2868; x_wconf 74' lang='lat' dir='ltr'><strong>transpositum</strong></span> <span class='ocrx_word' id='word_1_223' title='bbox 1681 2819 1682 2838; x_wconf 61' lang='grc' dir='ltr'><strong><em>ι</em></strong></span> 
     </span>
     <span class='ocr_line' id='line_1_26' title="bbox 429 2867 1682 2948; baseline 0.002 -16"><span class='ocrx_word' id='word_1_224' title='bbox 429 2872 500 2932; x_wconf 88' lang='lat' dir='ltr'><strong>Ideo</strong></span> <span class='ocrx_word' id='word_1_225' title='bbox 510 2877 634 2948; x_wconf 87' lang='lat' dir='ltr'><strong>quatuor</strong></span> <span class='ocrx_word' id='word_1_226' title='bbox 644 2867 709 2927; x_wconf 88' lang='lat' dir='ltr'><strong>illae</strong></span> <span class='ocrx_word' id='word_1_227' title='bbox 717 2867 804 2926; x_wconf 81' lang='lat' dir='ltr'><strong>urbes</strong></span> <span class='ocrx_word' id='word_1_228' title='bbox 814 2867 921 2928; x_wconf 89' lang='lat' dir='ltr'><strong>nullum</strong></span> <span class='ocrx_word' id='word_1_229' title='bbox 934 2871 1124 2930; x_wconf 89' lang='lat' dir='ltr'><strong>condiderunt</strong></span> <span class='ocrx_word' id='word_1_230' title='bbox 1131 2878 1341 2932; x_wconf 85' lang='lat' dir='ltr'><strong>monumentum</strong></span> <span class='ocrx_word' id='word_1_231' title='bbox 1353 2874 1397 2930; x_wconf 88' lang='lat' dir='ltr'><strong>sni</strong></span> <span class='ocrx_word' id='word_1_232' title='bbox 1409 2875 1564 2930; x_wconf 86' lang='lat' dir='ltr'><strong>consensus</strong></span> <span class='ocrx_word' id='word_1_233' title='bbox 1681 2911 1682 2934; x_wconf 56' lang='lat' dir='ltr'><strong>r</strong></span> 
     </span>
    </p>
   </div>
   <div class='ocr_carea' id='block_1_5' title="bbox 409 2953 1590 4482">
    <p class='ocr_par' dir='ltr' id='par_1_5' title="bbox 429 2953 1590 3887">
     <span class='ocr_line' id='line_1_27' title="bbox 430 2953 1564 3032; baseline -0.002 -16"><span class='ocrx_word' id='word_1_234' title='bbox 430 2955 691 3016; x_wconf 83' lang='lat' dir='ltr'><strong>iurenovationem</strong></span> <span class='ocrx_word' id='word_1_235' title='bbox 711 2953 895 3032; x_wconf 85' lang='lat' dir='ltr'><strong>pristinorum</strong></span> <span class='ocrx_word' id='word_1_236' title='bbox 915 2956 1074 3030; x_wconf 84' lang='lat' dir='ltr'><strong>patriorum</strong></span> <span class='ocrx_word' id='word_1_237' title='bbox 1094 2956 1296 3032; x_wconf 85' lang='lat' dir='ltr'><strong>institutorum,</strong></span> <span class='ocrx_word' id='word_1_238' title='bbox 1317 2956 1384 3032; x_wconf 85' lang='lat' dir='ltr'><strong>quia</strong></span> <span class='ocrx_word' id='word_1_239' title='bbox 1399 2970 1498 3012; x_wconf 81' lang='lat' dir='ltr'><strong>omnes</strong></span> <span class='ocrx_word' id='word_1_240' title='bbox 1514 2975 1564 3014; x_wconf 88' lang='lat' dir='ltr'><strong>eo·</strong></span> 
     </span>
     <span class='ocr_line' id='line_1_28' title="bbox 431 3037 1566 3119; baseline -0.002 -18"><span class='ocrx_word' id='word_1_241' title='bbox 431 3043 497 3103; x_wconf 87' lang='lat' dir='ltr'><strong>dem</strong></span> <span class='ocrx_word' id='word_1_242' title='bbox 518 3045 650 3119; x_wconf 88' lang='lat' dir='ltr'><strong>tempore</strong></span> <span class='ocrx_word' id='word_1_243' title='bbox 669 3037 745 3096; x_wconf 90' lang='lat' dir='ltr'><strong>ultro</strong></span> <span class='ocrx_word' id='word_1_244' title='bbox 767 3038 985 3096; x_wconf 73' lang='lat' dir='ltr'><strong>consentiebant</strong></span> <span class='ocrx_word' id='word_1_245' title='bbox 1004 3043 1034 3097; x_wconf 88' lang='lat' dir='ltr'><strong>et</strong></span> <span class='ocrx_word' id='word_1_246' title='bbox 1052 3037 1168 3098; x_wconf 83' lang='lat' dir='ltr'><strong>coibant</strong></span> <span class='ocrx_word' id='word_1_247' title='bbox 1188 3041 1324 3100; x_wconf 85' lang='lat' dir='ltr'><strong>inunum</strong></span> <span class='ocrx_word' id='word_1_248' title='bbox 1345 3059 1463 3118; x_wconf 83' lang='lat' dir='ltr'><strong>corpus:</strong></span> <span class='ocrx_word' id='word_1_249' title='bbox 1486 3041 1566 3119; x_wconf 89' lang='lat' dir='ltr'><strong>quod</strong></span> 
     </span>
     <span class='ocr_line' id='line_1_29' title="bbox 431 3122 1566 3209; baseline -0.002 -24"><span class='ocrx_word' id='word_1_250' title='bbox 431 3129 498 3206; x_wconf 87' lang='lat' dir='ltr'><strong>quia</strong></span> <span class='ocrx_word' id='word_1_251' title='bbox 520 3145 538 3184; x_wconf 92' lang='lat' dir='ltr'><strong>a</strong></span> <span class='ocrx_word' id='word_1_252' title='bbox 556 3126 671 3185; x_wconf 86' lang='lat' dir='ltr'><strong>nemine</strong></span> <span class='ocrx_word' id='word_1_253' title='bbox 689 3142 784 3200; x_wconf 89' lang='lat' dir='ltr'><strong>neque</strong></span> <span class='ocrx_word' id='word_1_254' title='bbox 801 3122 964 3200; x_wconf 81' lang='lat' dir='ltr'><strong>rogabant,</strong></span> <span class='ocrx_word' id='word_1_255' title='bbox 990 3141 1093 3209; x_wconf 84' lang='lat' dir='ltr'><strong>neque</strong></span> <span class='ocrx_word' id='word_1_256' title='bbox 1114 3123 1323 3203; x_wconf 87' lang='lat' dir='ltr'><strong>impetrabant,</strong></span> <span class='ocrx_word' id='word_1_257' title='bbox 1355 3125 1423 3184; x_wconf 91' lang='lat' dir='ltr'><strong>ideo</strong></span> <span class='ocrx_word' id='word_1_258' title='bbox 1445 3143 1566 3185; x_wconf 81' lang='lat' dir='ltr'><strong>necesse</strong></span> 
     </span>
     <span class='ocr_line' id='line_1_30' title="bbox 429 3208 1567 3288; baseline -0.004 -16"><span class='ocrx_word' id='word_1_259' title='bbox 429 3232 488 3273; x_wconf 91' lang='lat' dir='ltr'><strong>non</strong></span> <span class='ocrx_word' id='word_1_260' title='bbox 506 3217 584 3287; x_wconf 86' lang='lat' dir='ltr'><strong>erat,</strong></span> <span class='ocrx_word' id='word_1_261' title='bbox 607 3212 674 3288; x_wconf 82' lang='lat' dir='ltr'><strong>ejus.</strong></span> <span class='ocrx_word' id='word_1_262' title='bbox 690 3209 749 3283; x_wconf 90' lang='lat' dir='ltr'><strong>rei,</strong></span> <span class='ocrx_word' id='word_1_263' title='bbox 766 3208 845 3285; x_wconf 82' lang='lat' dir='ltr'><strong>cujus</strong></span> <span class='ocrx_word' id='word_1_264' title='bbox 867 3227 967 3267; x_wconf 87' lang='lat' dir='ltr'><strong>omnes</strong></span> <span class='ocrx_word' id='word_1_265' title='bbox 988 3209 1042 3267; x_wconf 86' lang='lat' dir='ltr'><strong>sibi</strong></span> <span class='ocrx_word' id='word_1_266' title='bbox 1063 3210 1169 3268; x_wconf 89' lang='lat' dir='ltr'><strong>conscii</strong></span> <span class='ocrx_word' id='word_1_267' title='bbox 1188 3218 1297 3288; x_wconf 78' lang='lat' dir='ltr'><strong>essent,</strong></span> <span class='ocrx_word' id='word_1_268' title='bbox 1319 3231 1336 3270; x_wconf 91' lang='lat' dir='ltr'><strong>a</strong></span> <span class='ocrx_word' id='word_1_269' title='bbox 1353 3230 1386 3270; x_wconf 84' lang='lat' dir='ltr'><strong>se</strong></span> <span class='ocrx_word' id='word_1_270' title='bbox 1405 3211 1484 3270; x_wconf 81' lang='lat' dir='ltr'><strong>ultro</strong></span> <span class='ocrx_word' id='word_1_271' title='bbox 1502 3229 1567 3270; x_wconf 83' lang='lat' dir='ltr'><strong>sus-</strong></span> 
     </span>
     <span class='ocr_line' id='line_1_31' title="bbox 430 3292 1568 3398; baseline -0.006 -40"><span class='ocrx_word' id='word_1_272' title='bbox 430 3302 532 3377; x_wconf 86' lang='lat' dir='ltr'><strong>ceptae</strong></span> <span class='ocrx_word' id='word_1_273' title='bbox 558 3298 770 3398; x_wconf 44' lang='lat' dir='ltr'><strong>§peractam</strong></span> <span class='ocrx_word' id='word_1_274' title='bbox 802 3292 888 3352; x_wconf 87' lang='lat' dir='ltr'><strong>ullum</strong></span> <span class='ocrx_word' id='word_1_275' title='bbox 916 3293 1059 3372; x_wconf 90' lang='lat' dir='ltr'><strong>publicum</strong></span> <span class='ocrx_word' id='word_1_276' title='bbox 1089 3295 1213 3355; x_wconf 84' lang='lat' dir='ltr'><strong>condere</strong></span> <span class='ocrx_word' id='word_1_277' title='bbox 1240 3301 1461 3360; x_wconf 84' lang='lat' dir='ltr'><strong>monumentum.</strong></span> <span class='ocrx_word' id='word_1_278' title='bbox 1504 3293 1568 3353; x_wconf 81' lang='lat' dir='ltr'><strong>Alia</strong></span> 
     </span>
     <span class='ocr_line' id='line_1_32' title="bbox 429 3377 1568 3458; baseline -0.006 -14"><span class='ocrx_word' id='word_1_279' title='bbox 429 3389 478 3444; x_wconf 78' lang='lat' dir='ltr'><strong>res</strong></span> <span class='ocrx_word' id='word_1_280' title='bbox 501 3388 564 3442; x_wconf 84' lang='lat' dir='ltr'><strong>erat</strong></span> <span class='ocrx_word' id='word_1_281' title='bbox 582 3399 612 3438; x_wconf 88' lang='grc' dir='ltr'><strong>ιιι</strong></span> <span class='ocrx_word' id='word_1_282' title='bbox 630 3379 748 3456; x_wconf 85' lang='lat' dir='ltr'><strong>reliquis</strong></span> <span class='ocrx_word' id='word_1_283' title='bbox 769 3377 946 3456; x_wconf 81' lang='lat' dir='ltr'><strong>ciuitatibus,</strong></span> <span class='ocrx_word' id='word_1_284' title='bbox 982 3397 1056 3457; x_wconf 87' lang='lat' dir='ltr'><strong>quae</strong></span> <span class='ocrx_word' id='word_1_285' title='bbox 1078 3380 1263 3458; x_wconf 86' lang='lat' dir='ltr'><strong>postmodum</strong></span> <span class='ocrx_word' id='word_1_286' title='bbox 1283 3383 1321 3439; x_wconf 87' lang='lat' dir='ltr'><strong>ad</strong></span> <span class='ocrx_word' id='word_1_287' title='bbox 1342 3382 1372 3438; x_wconf 92' lang='lat' dir='ltr'><strong>id</strong></span> <span class='ocrx_word' id='word_1_288' title='bbox 1393 3379 1496 3438; x_wconf 84' lang='lat' dir='ltr'><strong>foedus</strong></span> <span class='ocrx_word' id='word_1_289' title='bbox 1512 3397 1568 3440; x_wconf 69' lang='lat' dir='ltr'><strong>,ac-</strong></span> 
     </span>
     <span class='ocr_line' id='line_1_33' title="bbox 430 3461 1568 3544; baseline -0.009 -14"><span class='ocrx_word' id='word_1_290' title='bbox 430 3468 590 3542; x_wconf 86' lang='lat' dir='ltr'><strong>cedebant,</strong></span> <span class='ocrx_word' id='word_1_291' title='bbox 627 3463 731 3543; x_wconf 87' lang='lat' dir='ltr'><strong>quibus</strong></span> <span class='ocrx_word' id='word_1_292' title='bbox 756 3461 870 3543; x_wconf 86' lang='lat' dir='ltr'><strong>publico</strong></span> <span class='ocrx_word' id='word_1_293' title='bbox 899 3465 1075 3532; x_wconf 81' lang='lat' dir='ltr'><strong>testimonio</strong></span> <span class='ocrx_word' id='word_1_294' title='bbox 1093 3464 1186 3524; x_wconf 88' lang='lat' dir='ltr'><strong>caveri</strong></span> <span class='ocrx_word' id='word_1_295' title='bbox 1213 3485 1285 3544; x_wconf 86' lang='lat' dir='ltr'><strong>opus</strong></span> <span class='ocrx_word' id='word_1_296' title='bbox 1313 3463 1413 3523; x_wconf 72' lang='lat' dir='ltr'><strong>erat‘t</strong></span> <span class='ocrx_word' id='word_1_297' title='bbox 1466 3463 1568 3538; x_wconf 81' lang='lat' dir='ltr'><strong>Miror,</strong></span> 
     </span>
     <span class='ocr_line' id='line_1_34' title="bbox 431 3547 1590 3627; baseline -0.007 -13"><span class='ocrx_word' id='word_1_298' title='bbox 431 3555 487 3614; x_wconf 90' lang='lat' dir='ltr'><strong>boc</strong></span> <span class='ocrx_word' id='word_1_299' title='bbox 508 3554 621 3612; x_wconf 86' lang='lat' dir='ltr'><strong>Catone</strong></span> <span class='ocrx_word' id='word_1_300' title='bbox 638 3554 800 3608; x_wconf 87' lang='lat' dir='ltr'><strong>contentum</strong></span> <span class='ocrx_word' id='word_1_301' title='bbox 822 3548 911 3607; x_wconf 85' lang='lat' dir='ltr'><strong>fuisse</strong></span> <span class='ocrx_word' id='word_1_302' title='bbox 928 3547 1244 3627; x_wconf 83' lang='lat' dir='ltr'><strong>Schweighaeuserum;</strong></span> <span class='ocrx_word' id='word_1_303' title='bbox 1276 3569 1330 3609; x_wconf 88' lang='lat' dir='ltr'><strong>nec</strong></span> <span class='ocrx_word' id='word_1_304' title='bbox 1343 3555 1451 3609; x_wconf 40' lang='lat' dir='ltr'><strong>*tamen</strong></span> <span class='ocrx_word' id='word_1_305' title='bbox 1472 3554 1590 3608; x_wconf 85' lang='lat' dir='ltr'><strong>trans-·</strong></span> 
     </span>
     <span class='ocr_line' id='line_1_35' title="bbox 430 3625 1568 3718; baseline 0 -22"><span class='ocrx_word' id='word_1_306' title='bbox 430 3640 527 3718; x_wconf 85' lang='lat' dir='ltr'><strong>posita</strong></span> <span class='ocrx_word' id='word_1_307' title='bbox 549 3637 683 3695; x_wconf 84' lang='lat' dir='ltr'><strong>videntur</strong></span> <span class='ocrx_word' id='word_1_308' title='bbox 704 3633 793 3691; x_wconf 84' lang='lat' dir='ltr'><strong>verba</strong></span> <span class='ocrx_word' id='word_1_309' title='bbox 812 3635 879 3713; x_wconf 85' lang='lat' dir='ltr'><strong>ista,</strong></span> <span class='ocrx_word' id='word_1_310' title='bbox 900 3635 955 3693; x_wconf 77' lang='lat' dir='ltr'><strong>aad</strong></span> <span class='ocrx_word' id='word_1_311' title='bbox 974 3636 1015 3694; x_wconf 90' lang='lat' dir='ltr'><strong>ita</strong></span> <span class='ocrx_word' id='word_1_312' title='bbox 1030 3635 1223 3694; x_wconf 84' lang='lat' dir='ltr'><strong>emendanda:</strong></span> <span class='ocrx_word' id='word_1_313' title='bbox 1246 3627 1352 3714; x_wconf 88' lang='grc' dir='ltr'><strong><em>διόπερ</em></strong></span> <span class='ocrx_word' id='word_1_314' title='bbox 1368 3625 1427 3696; x_wconf 76' lang='grc' dir='ltr'><strong>οὖν</strong></span> <span class='ocrx_word' id='word_1_315' title='bbox 1441 3629 1479 3713; x_wconf 73' lang='grc' dir='ltr'><strong>δὴ</strong></span> <span class='ocrx_word' id='word_1_316' title='bbox 1496 3628 1568 3712; x_wconf 72' lang='grc' dir='ltr'><strong><em>σπη’-</em></strong></span> 
     </span>
     <span class='ocr_line' id='line_1_36' title="bbox 431 3715 1568 3802; baseline -0.01 -16"><span class='ocrx_word' id='word_1_317' title='bbox 431 3715 497 3802; x_wconf 79' lang='grc' dir='ltr'><strong>λην</strong></span> <span class='ocrx_word' id='word_1_318' title='bbox 510 3755 553 3768; x_wconf 90' lang='lat'><strong>-·</strong></span> <span class='ocrx_word' id='word_1_319' title='bbox 574 3739 670 3800; x_wconf 87' lang='grc' dir='ltr'><strong><em>συμπ.</em></strong></span> <span class='ocrx_word' id='word_1_320' title='bbox 712 3717 886 3798; x_wconf 85' lang='lat' dir='ltr'><strong>Depravatio</strong></span> <span class='ocrx_word' id='word_1_321' title='bbox 908 3719 1073 3796; x_wconf 72' lang='lat' dir='ltr'><strong>proclivis,</strong></span> <span class='ocrx_word' id='word_1_322' title='bbox 1089 3719 1230 3780; x_wconf 86' lang='lat' dir='ltr'><strong>sententia</strong></span> <span class='ocrx_word' id='word_1_323' title='bbox 1251 3721 1293 3779; x_wconf 90' lang='lat' dir='ltr'><strong>rei</strong></span> <span class='ocrx_word' id='word_1_324' title='bbox 1314 3721 1501 3793; x_wconf 82' lang='lat' dir='ltr'><strong>conveniens,</strong></span> <span class='ocrx_word' id='word_1_325' title='bbox 1527 3718 1568 3776; x_wconf 88' lang='lat' dir='ltr'><strong>si-</strong></span> 
     </span>
     <span class='ocr_line' id='line_1_37' title="bbox 432 3803 1568 3887; baseline -0.005 -21"><span class='ocrx_word' id='word_1_326' title='bbox 432 3809 548 3887; x_wconf 84' lang='lat' dir='ltr'><strong>quidem</strong></span> <span class='ocrx_word' id='word_1_327' title='bbox 570 3807 682 3884; x_wconf 84' lang='lat' dir='ltr'><strong>primae</strong></span> <span class='ocrx_word' id='word_1_328' title='bbox 700 3803 840 3881; x_wconf 84' lang='lat' dir='ltr'><strong>ejusmodi</strong></span> <span class='ocrx_word' id='word_1_329' title='bbox 859 3805 988 3863; x_wconf 81' lang='lat' dir='ltr'><strong>actiones</strong></span> <span class='ocrx_word' id='word_1_330' title='bbox 1009 3803 1146 3864; x_wconf 84' lang='lat' dir='ltr'><strong>celebrari</strong></span> <span class='ocrx_word' id='word_1_331' title='bbox 1165 3806 1359 3864; x_wconf 81' lang='lat' dir='ltr'><strong>monumentis</strong></span> <span class='ocrx_word' id='word_1_332' title='bbox 1378 3803 1498 3883; x_wconf 78' lang='lat' dir='ltr'><strong>publicis</strong></span> <span class='ocrx_word' id='word_1_333' title='bbox 1518 3821 1568 3860; x_wconf 90' lang='lat' dir='ltr'><strong>so·</strong></span> 
     </span>
    </p>

    <p class='ocr_par' dir='ltr' id='par_1_6' title="bbox 409 3887 1569 4295">
     <span class='ocr_line' id='line_1_38' title="bbox 409 3887 1569 3970; baseline -0.007 -18"><span class='ocrx_word' id='word_1_334' title='bbox 409 3903 411 3907; x_wconf 87' lang='grc'><strong>’</strong></span> <span class='ocrx_word' id='word_1_335' title='bbox 432 3893 508 3969; x_wconf 88' lang='lat' dir='ltr'><strong>lent,</strong></span> <span class='ocrx_word' id='word_1_336' title='bbox 525 3912 585 3952; x_wconf 88' lang='lat' dir='ltr'><strong>nou</strong></span> <span class='ocrx_word' id='word_1_337' title='bbox 608 3911 680 3970; x_wconf 86' lang='lat' dir='ltr'><strong>eae,</strong></span> <span class='ocrx_word' id='word_1_338' title='bbox 701 3907 775 3967; x_wconf 86' lang='lat' dir='ltr'><strong>quae</strong></span> <span class='ocrx_word' id='word_1_339' title='bbox 793 3895 963 3949; x_wconf 80' lang='lat' dir='ltr'><strong>consecutae</strong></span> <span class='ocrx_word' id='word_1_340' title='bbox 983 3889 1046 3948; x_wconf 78' lang='lat' dir='ltr'><strong>illas</strong></span> <span class='ocrx_word' id='word_1_341' title='bbox 1066 3889 1173 3948; x_wconf 85' lang='lat' dir='ltr'><strong>fuerint</strong></span> <span class='ocrx_word' id='word_1_342' title='bbox 1193 3909 1287 3968; x_wconf 86' lang='lat' dir='ltr'><strong>neque</strong></span> <span class='ocrx_word' id='word_1_343' title='bbox 1304 3907 1422 3966; x_wconf 87' lang='lat' dir='ltr'><strong>aequam</strong></span> <span class='ocrx_word' id='word_1_344' title='bbox 1443 3887 1569 3947; x_wconf 88' lang='lat' dir='ltr'><strong>habeant</strong></span> 
     </span>
     <span class='ocr_line' id='line_1_39' title="bbox 432 3972 1567 4051; baseline -0.004 -14"><span class='ocrx_word' id='word_1_345' title='bbox 432 3979 644 4038; x_wconf 86' lang='lat' dir='ltr'><strong>auctoritatem.</strong></span> <span class='ocrx_word' id='word_1_346' title='bbox 688 3975 821 4034; x_wconf 87' lang='lat' dir='ltr'><strong>Ceterum</strong></span> <span class='ocrx_word' id='word_1_347' title='bbox 839 3975 1024 4034; x_wconf 83' lang='lat' dir='ltr'><strong>Damoxenus</strong></span> <span class='ocrx_word' id='word_1_348' title='bbox 1044 3974 1121 4051; x_wconf 87' lang='lat' dir='ltr'><strong>apud</strong></span> <span class='ocrx_word' id='word_1_349' title='bbox 1142 3972 1321 4035; x_wconf 74' lang='lat' dir='ltr'><strong>¹Athenaeum</strong></span> <span class='ocrx_word' id='word_1_350' title='bbox 1342 3973 1391 4046; x_wconf 82' lang='lat'><strong>8.,</strong></span> <span class='ocrx_word' id='word_1_351' title='bbox 1418 3974 1502 4037; x_wconf 71' lang='lat'><strong>102:</strong></span> <span class='ocrx_word' id='word_1_352' title='bbox 1532 3974 1567 4033; x_wconf 87' lang='grc' dir='ltr'><strong>Β.</strong></span> 
     </span>
     <span class='ocr_line' id='line_1_40' title="bbox 430 4053 1568 4142; baseline -0.008 -18"><span class='ocrx_word' id='word_1_353' title='bbox 430 4057 541 4142; x_wconf 84' lang='grc' dir='ltr'><strong><em>Χυμδς</em></strong></span> <span class='ocrx_word' id='word_1_354' title='bbox 563 4059 673 4142; x_wconf 57' lang='grc' dir='ltr'><strong><em>λέγεται</em></strong></span> <span class='ocrx_word' id='word_1_355' title='bbox 693 4055 884 4139; x_wconf 81' lang='grc' dir='ltr'><strong><em>Δημόκριτος</em></strong></span> <span class='ocrx_word' id='word_1_356' title='bbox 905 4053 1016 4122; x_wconf 75' lang='grc' dir='ltr'><strong><em>ου’δένε</em></strong></span> <span class='ocrx_word' id='word_1_357' title='bbox 1039 4077 1124 4136; x_wconf 89' lang='lat' dir='ltr'><strong>quem</strong></span> <span class='ocrx_word' id='word_1_358' title='bbox 1147 4058 1240 4120; x_wconf 86' lang='lat' dir='ltr'><strong>locum</strong></span> <span class='ocrx_word' id='word_1_359' title='bbox 1257 4057 1384 4119; x_wconf 86' lang='lat' dir='ltr'><strong>similiter</strong></span> <span class='ocrx_word' id='word_1_360' title='bbox 1399 4058 1568 4116; x_wconf 76' lang='lat' dir='ltr'><strong>infuscatam</strong></span> 
     </span>
     <span class='ocr_line' id='line_1_41' title="bbox 432 4137 1568 4256; baseline -0.004 -50"><span class='ocrx_word' id='word_1_361' title='bbox 432 4154 522 4256; x_wconf 71' lang='lat' dir='ltr'><strong>ppto,</strong></span> <span class='ocrx_word' id='word_1_362' title='bbox 562 4165 625 4206; x_wconf 89' lang='lat' dir='ltr'><strong>cum</strong></span> <span class='ocrx_word' id='word_1_363' title='bbox 653 4147 771 4206; x_wconf 87' lang='lat' dir='ltr'><strong>dixisset</strong></span> <span class='ocrx_word' id='word_1_364' title='bbox 798 4145 948 4204; x_wconf 82' lang='lat' dir='ltr'><strong>Comicus:</strong></span> <span class='ocrx_word' id='word_1_365' title='bbox 986 4146 1019 4206; x_wconf 87' lang='lat' dir='ltr'><strong>B.</strong></span> <span class='ocrx_word' id='word_1_366' title='bbox 1043 4139 1151 4225; x_wconf 83' lang='grc' dir='ltr'><strong><em>Χυμόυ</em></strong></span> <span class='ocrx_word' id='word_1_367' title='bbox 1173 4141 1281 4226; x_wconf 54' lang='grc' dir='ltr'><strong><em>λέγεις</em></strong></span> <span class='ocrx_word' id='word_1_368' title='bbox 1318 4148 1355 4205; x_wconf 87' lang='lat' dir='ltr'><strong>A.</strong></span> <span class='ocrx_word' id='word_1_369' title='bbox 1380 4137 1568 4224; x_wconf 75' lang='grc' dir='ltr'><strong><em>Δημόκριτος</em></strong></span> 
     </span>
     <span class='ocr_line' id='line_1_42' title="bbox 434 4226 1324 4295; baseline -0.008 0"><span class='ocrx_word' id='word_1_370' title='bbox 434 4255 493 4295; x_wconf 86' lang='grc' dir='ltr'><strong>ουν</strong></span> <span class='ocrx_word' id='word_1_371' title='bbox 514 4226 565 4294; x_wconf 83' lang='grc' dir='ltr'><strong>δ’.</strong></span> <span class='ocrx_word' id='word_1_372' title='bbox 750 4263 757 4277; x_wconf 88' lang='lat'><strong>·</strong></span> <span class='ocrx_word' id='word_1_373' title='bbox 1102 4269 1105 4276; x_wconf 71' lang='grc'><strong><em>»</em></strong></span> <span class='ocrx_word' id='word_1_374' title='bbox 1207 4282 1212 4292; x_wconf 86' lang='grc'><strong>.</strong></span> <span class='ocrx_word' id='word_1_375' title='bbox 1320 4282 1324 4288; x_wconf 91' lang='grc'><em>,</em></span> 
     </span>
    </p>

    <p class='ocr_par' dir='ltr' id='par_1_7' title="bbox 508 4257 1565 4399">
     <span class='ocr_line' id='line_1_43' title="bbox 508 4257 1565 4399; baseline -0.012 -18"><span class='ocrx_word' id='word_1_376' title='bbox 508 4257 595 4396; x_wconf 49' lang='lat' dir='ltr'><strong>=(dap.</strong></span> <span class='ocrx_word' id='word_1_377' title='bbox 615 4314 685 4392; x_wconf 72' lang='lat'><strong>42,</strong></span> <span class='ocrx_word' id='word_1_378' title='bbox 718 4315 745 4399; x_wconf 67' lang='grc' dir='ltr'><strong><em>δ</em></strong></span> <span class='ocrx_word' id='word_1_379' title='bbox 767 4320 798 4380; x_wconf 83' lang='grc'><strong>7.</strong></span> <span class='ocrx_word' id='word_1_380' title='bbox 842 4313 1026 4396; x_wconf 72' lang='grc' dir='ltr'><strong><em>σαφέστερον</em></strong></span> <span class='ocrx_word' id='word_1_381' title='bbox 1052 4309 1078 4377; x_wconf 89' lang='grc' dir='ltr'><strong>δ’</strong></span> <span class='ocrx_word' id='word_1_382' title='bbox 1104 4311 1182 4397; x_wconf 67' lang='grc' dir='ltr'><strong><em>,ὑπὲρ</em></strong></span> <span class='ocrx_word' id='word_1_383' title='bbox 1203 4308 1321 4378; x_wconf 70' lang='grc' dir='ltr'><strong><em>τούτων</em></strong></span> <span class='ocrx_word' id='word_1_384' title='bbox 1343 4311 1431 4378; x_wconf 79' lang='grc' dir='ltr'><strong><em>ἔσται</em></strong></span> <span class='ocrx_word' id='word_1_385' title='bbox 1445 4311 1565 4385; x_wconf 72' lang='lat' dir='ltr'><strong>drutma-</strong></span> 
     </span>
    </p>

    <p class='ocr_par' dir='ltr' id='par_1_8' title="bbox 429 4393 1566 4482">
     <span class='ocr_line' id='line_1_44' title="bbox 429 4393 1566 4482; baseline -0.004 -18"><span class='ocrx_word' id='word_1_386' title='bbox 429 4398 543 4482; x_wconf 83' lang='grc' dir='ltr'><strong><em>βόνειν</em></strong></span> <span class='ocrx_word' id='word_1_387' title='bbox 571 4401 603 4478; x_wconf 76' lang='grc' dir='ltr'><strong>ἐξ</strong></span> <span class='ocrx_word' id='word_1_388' title='bbox 632 4394 736 4464; x_wconf 75' lang='lat' dir='ltr'><strong>adreio</strong></span> <span class='ocrx_word' id='word_1_389' title='bbox 766 4403 828 4464; x_wconf 80' lang='grc' dir='ltr'><strong><em>τεόν</em></strong></span> <span class='ocrx_word' id='word_1_390' title='bbox 853 4399 923 4480; x_wconf 82' lang='grc' dir='ltr'><strong><em>περὶ</em></strong></span> <span class='ocrx_word' id='word_1_391' title='bbox 955 4397 1008 4475; x_wconf 77' lang='grc' dir='ltr'><strong><em>τοὶς</em></strong></span> <span class='ocrx_word' id='word_1_392' title='bbox 1034 4395 1158 4482; x_wconf 75' lang='grc' dir='ltr'><strong><em>πράξεις</em></strong></span> <span class='ocrx_word' id='word_1_393' title='bbox 1187 4393 1413 4482; x_wconf 75' lang='grc' dir='ltr'><strong><em>ἐνεργημάτων..</em></strong></span> <span class='ocrx_word' id='word_1_394' title='bbox 1455 4393 1566 4452; x_wconf 69' lang='lat' dir='ltr'><strong>Fufflnt</strong></span> 
     </span>
    </p>
   </div>
   <div class='ocr_carea' id='block_1_6' title="bbox 324 4484 1568 4566">
    <p class='ocr_par' dir='ltr' id='par_1_9' title="bbox 324 4484 1568 4566">
     <span class='ocr_line' id='line_1_45' title="bbox 324 4484 1568 4566; baseline -0.009 -19"><span class='ocrx_word' id='word_1_395' title='bbox 324 4495 328 4500; x_wconf 83' lang='lat'>&#39;</span> <span class='ocrx_word' id='word_1_396' title='bbox 427 4489 586 4563; x_wconf 89' lang='lat' dir='ltr'><strong>mendam,</strong></span> <span class='ocrx_word' id='word_1_397' title='bbox 609 4488 658 4565; x_wconf 90' lang='lat' dir='ltr'><strong>qui</strong></span> <span class='ocrx_word' id='word_1_398' title='bbox 679 4492 807 4546; x_wconf 74' lang='lat' dir='ltr'><strong>vertum:</strong></span> <span class='ocrx_word' id='word_1_399' title='bbox 835 4485 929 4565; x_wconf 71' lang='lat' dir='ltr'><strong>Verum</strong></span> <span class='ocrx_word' id='word_1_400' title='bbox 950 4485 982 4544; x_wconf 83' lang='lat' dir='ltr'><strong>de</strong></span> <span class='ocrx_word' id='word_1_401' title='bbox 1002 4485 1044 4544; x_wconf 86' lang='grc' dir='ltr'><strong>1ιιί</strong></span> <span class='ocrx_word' id='word_1_402' title='bbox 1066 4485 1171 4564; x_wconf 74' lang='lat' dir='ltr'><strong>quiden</strong></span> <span class='ocrx_word' id='word_1_403' title='bbox 1190 4505 1224 4547; x_wconf 86' lang='grc' dir='ltr'><strong>ιιι</strong></span> <span class='ocrx_word' id='word_1_404' title='bbox 1243 4489 1305 4566; x_wconf 75' lang='lat' dir='ltr'><strong>ipsu</strong></span> <span class='ocrx_word' id='word_1_405' title='bbox 1324 4503 1411 4544; x_wconf 81' lang='grc' dir='ltr'><strong><em>ιιιαιο</em></strong></span> <span class='ocrx_word' id='word_1_406' title='bbox 1430 4484 1568 4556; x_wconf 76' lang='lat' dir='ltr'><strong>gestorum</strong></span> 
     </span>
    </p>
   </div>
   <div class='ocr_carea' id='block_1_7' title="bbox 430 4564 1567 4653">
    <p class='ocr_par' dir='ltr' id='par_1_10' title="bbox 430 4564 1567 4653">
     <span class='ocr_line' id='line_1_46' title="bbox 430 4564 1567 4653; baseline -0.01 -21"><span class='ocrx_word' id='word_1_407' title='bbox 430 4577 535 4633; x_wconf 80' lang='lat' dir='ltr'><strong>ratione</strong></span> <span class='ocrx_word' id='word_1_408' title='bbox 558 4573 654 4632; x_wconf 74' lang='lat' dir='ltr'><strong>metius</strong></span> <span class='ocrx_word' id='word_1_409' title='bbox 676 4571 815 4650; x_wconf 74' lang='lat' dir='ltr'><strong>liquebits.</strong></span> <span class='ocrx_word' id='word_1_410' title='bbox 837 4589 931 4649; x_wconf 89' lang='lat' dir='ltr'><strong>neque</strong></span> <span class='ocrx_word' id='word_1_411' title='bbox 956 4570 1031 4630; x_wconf 89' lang='lat' dir='ltr'><strong>enim</strong></span> <span class='ocrx_word' id='word_1_412' title='bbox 1051 4569 1199 4653; x_wconf 77' lang='grc' dir='ltr'><strong><em>ἐνέργημα</em></strong></span> <span class='ocrx_word' id='word_1_413' title='bbox 1222 4572 1267 4630; x_wconf 86' lang='lat' dir='ltr'><strong>est</strong></span> <span class='ocrx_word' id='word_1_414' title='bbox 1291 4573 1379 4643; x_wconf 70' lang='grc' dir='ltr'><strong><em>νοτία,</em></strong></span> <span class='ocrx_word' id='word_1_415' title='bbox 1414 4565 1466 4624; x_wconf 86' lang='lat' dir='ltr'><strong>sed</strong></span> <span class='ocrx_word' id='word_1_416' title='bbox 1492 4564 1567 4622; x_wconf 90' lang='lat' dir='ltr'><strong>idem</strong></span> 
     </span>
    </p>
   </div>
   <div class='ocr_carea' id='block_1_8' title="bbox 430 4645 1571 4822">
    <p class='ocr_par' dir='ltr' id='par_1_11' title="bbox 430 4645 1571 4822">
     <span class='ocr_line' id='line_1_47' title="bbox 430 4645 1570 4739; baseline -0.01 -23"><span class='ocrx_word' id='word_1_417' title='bbox 430 4659 514 4735; x_wconf 90' lang='lat' dir='ltr'><strong>quod</strong></span> <span class='ocrx_word' id='word_1_418' title='bbox 538 4658 662 4737; x_wconf 80' lang='grc' dir='ltr'><strong><em>πρᾶξις,</em></strong></span> <span class='ocrx_word' id='word_1_419' title='bbox 682 4657 778 4733; x_wconf 84' lang='lat' dir='ltr'><strong>itaque</strong></span> <span class='ocrx_word' id='word_1_420' title='bbox 799 4655 953 4714; x_wconf 86' lang='lat' dir='ltr'><strong>absurdum</strong></span> <span class='ocrx_word' id='word_1_421' title='bbox 976 4652 1125 4737; x_wconf 77' lang='grc' dir='ltr'><strong><em>ἐνέργημα</em></strong></span> <span class='ocrx_word' id='word_1_422' title='bbox 1146 4652 1298 4739; x_wconf 81' lang='grc' dir='ltr'><strong><em>πράξεως,</em></strong></span> <span class='ocrx_word' id='word_1_423' title='bbox 1323 4652 1404 4734; x_wconf 90' lang='lat' dir='ltr'><strong>quasi</strong></span> <span class='ocrx_word' id='word_1_424' title='bbox 1424 4649 1503 4708; x_wconf 85' lang='lat' dir='ltr'><strong>dicas</strong></span> <span class='ocrx_word' id='word_1_425' title='bbox 1516 4645 1570 4728; x_wconf 79' lang='lat' dir='ltr'><strong>fo-</strong></span> 
     </span>
     <span class='ocr_line' id='line_1_48' title="bbox 432 4732 1571 4822; baseline -0.005 -22"><span class='ocrx_word' id='word_1_426' title='bbox 432 4749 506 4802; x_wconf 81' lang='lat' dir='ltr'><strong>ctum</strong></span> <span class='ocrx_word' id='word_1_427' title='bbox 527 4744 654 4802; x_wconf 73' lang='lat' dir='ltr'><strong>oanan.</strong></span> <span class='ocrx_word' id='word_1_428' title='bbox 697 4733 1082 4822; x_wconf 75' lang='grc' dir='ltr'><strong><em>Ροοαιοοε-ἔναργημόταν,</em></strong></span> <span class='ocrx_word' id='word_1_429' title='bbox 1099 4761 1218 4820; x_wconf 86' lang='lat' dir='ltr'><strong>eamque</strong></span> <span class='ocrx_word' id='word_1_430' title='bbox 1234 4760 1335 4802; x_wconf 85' lang='lat' dir='ltr'><strong>vocem</strong></span> <span class='ocrx_word' id='word_1_431' title='bbox 1349 4737 1486 4800; x_wconf 83' lang='lat' dir='ltr'><strong>addamus</strong></span> <span class='ocrx_word' id='word_1_432' title='bbox 1500 4732 1571 4796; x_wconf 80' lang='lat' dir='ltr'><strong>lexi-</strong></span> 
     </span>
    </p>
   </div>
   <div class='ocr_carea' id='block_1_9' title="bbox 0 0 1847 5584">
    <p class='ocr_par' dir='ltr' id='par_1_12' title="bbox 0 0 1847 5584">
     <span class='ocr_line' id='line_1_49' title="bbox 0 0 1847 5584; baseline 0 0"><span class='ocrx_word' id='word_1_433' title='bbox 0 0 1847 5584; x_wconf 95' lang='lat' dir='ltr'><strong> </strong></span> 
     </span>
    </p>
   </div>
  </div>
 </body>
</html>
