3675 5584
589 1549 1098 1666 andrunnun,
1138 1565 1151 1642 1

281 1753 366 1808 alvu
394 1750 697 1808 ANNOTATIONES
725 1751 773 1806 Al)
800 1755 953 1810 POLYBlI
983 1755 1250 1820 HlSTORlARUM
1280 1756 1413 1814 LIBROS

676 1872 809 1928 DECEM
835 1875 1010 1929 emortua.

721 2289 949 2386 amaranto.

271 2375 432 2510 Quotidie
453 2424 544 2502 magis
562 2422 702 2502 intelligo,
724 2446 784 2485 rem
804 2447 896 2504 prope
917 2426 1021 2490 infiniti
1041 2427 1146 2486 laboris
1167 2446 1232 2488 esse
1255 2426 1407 2488 emendare

269 2519 382 2572 veteres
404 2510 575 2588 scriptores:
610 2510 685 2567 adeo
708 2511 752 2568 vel
773 2511 876 2588 pauci,
912 2510 959 2570 vel
983 2511 1088 2589 mutili,
1122 2513 1273 2572 ueletiam
1295 2513 1405 2572 mendis

268 2596 458 2674 inquinati'et
479 2594 559 2672 parvi
580 2593 665 2672 pretii
687 2600 753 2652 sunt
773 2594 905 2672 plerique
928 2597 1061 2672 codices,
1081 2596 1109 2654 in
1129 2595 1231 2674 quibus
1251 2597 1405 2675 perscripti

269 2683 308 2742 ad
321 2686 383 2738 'nos
407 2682 610 2757 pervenerunt.
656 2677 747 2754 Igitur
773 2679 996 2756 confugiendum
1023 2701 1112 2760 saepe
1133 2687 1178 2740 est
1198 2679 1236 2739 ad
1258 2681 1404 2757 conjectu·

268 2764 495 2839 samariticum,
517 2781 674 2840 quaecum
695 2783 748 2840 per
771 2782 804 2821 se
825 2765 934 2824 incerta
953 2771 1017 2844 est,
1046 2772 1106 2826 tum
1127 2766 1261 2825 invidiam
1282 2765 1403 2844 experiri

268 2851 345 2912 solet
363 2849 490 2924 illorum,
513 2847 562 2924 qui
582 2845 661 2904 solos
683 2849 848 2926 sequendos
867 2869 932 2909 esse
953 2851 1126 2911 arbitrantur
1147 2849 1252 2926 libros,
1280 2869 1331 2910 seu
1353 2869 1402 2908 su·
1441 2926 1442 2932 ἵ

266 2935 455 3017 perstitione,
477 2931 537 2992 sive
559 2930 751 2992 imbecillitate
772 2934 896 3009 ingenii:
919 2955 984 2995 nam
1005 2935 1063 2996 falli
1083 2937 1197 3015 quidem
1215 2935 1298 3010 illos,
1320 2954 1402 2995 erer-

267 3021 498 3082 citatissimorum
528 3017 557 3075 in
585 3016 641 3075 hoc
670 3037 778 3094 genere
810 3019 932 3080 virorum
958 3023 1068 3098 judicio
1097 3027 1220 3081 constat.
1272 3022 1401 3089 Quorum

267 3105 553 3182 Schweighaeuserns
571 3103 749 3181 praelatione
764 3103 874 3179 Polybii
895 3105 1014 3185 abipso
1036 3107 1134 3183 curati,
1155 3126 1222 3185 pag.
1237 3103 1325 3182 XLI,
1342 3125 1399 3182 quo

265 3191 338 3250 loco'
352 3188 526 3250 verba·facit
546 3188 583 3246 de
602 3189 754 3248 veterrimo
776 3190 900 3269 quodam
917 3191 980 3267 ejus
1001 3192 1118 3269 codice,
1145 3191 1253 3250 dudum
1273 3191 1400 3269 perdito,

266 3295 302 3336 ex
330 3294 388 3351 qno
416 3277 565 3352 superstes
591 3271 676 3332 hodie
705 3274 930 3351 antiquissimum
957 3271 1145 3356 apographon
1172 3277 1339 3336 Vaticanum
1368 3281 1399 3334 et
1488 3318 1492 3323 -

266 3366 381 3435 cetera,
410 3361 552 3438 quotquot
572 3357 718 3436 novimus,
732 3347 873 3418 ’derivata
891 3379 955 3419 esse
974 3361 1072 3420 sumit:
1100 3361 1195 3438 „Non
1213 3361 1303 3420 solum
1324 3360 1399 3418 anti-

265 3443 416 3524 quitate,“
438 3444 546 3522 inquit,
568 3443 752 3518 „venerabile
774 3445 859 3503 tuerit
878 3465 998 3505 necesse
1020 3452 1066 3504 est
1085 3445 1155 3505 illud
1174 3445 1396 3505 vetustissimum

266 3536 296 3588 et
314 3547 461 3588 commune
486 3528 614 3586 codicum
637 3533 800 3587 nostrorum
823 3530 985 3608 exemplar,
1020 3551 1118 3589 verum
1145 3531 1229 3590 etiam
1252 3530 1396 3610 probitate

264 3613 456 3692 praestitisse.
483 3645 526 3657 -—
553 3613 729 3690 Videturque
752 3613 830 3672 idem
854 3621 984 3675 vetustus
1011 3617 1103 3676 codex
1124 3616 1230 3695 passim
1254 3615 1395 3674 variantes
1436 3624 1442 3640 ·

264 3697 421 3774 lectiones,
442 3697 504 3755 sive
524 3699 561 3755 ad
583 3699 756 3774 marginem,
777 3699 837 3758 sive
857 3701 932 3759 intra
952 3700 1055 3778 lineas',
1075 3701 1207 3761 habuisse
1227 3701 1395 3769 adnotatam

262 3784 341 3842 unde
361 3802 432 3863 pars
454 3800 550 3842 earum
570 3785 747 3860 varietatum,
768 3803 840 3860 quae
861 3785 947 3845 hodie
967 3787 996 3844 in
1017 3786 1162 3846 codicibus
1183 3786 1290 3845 nostris
1309 3804 1393 3862 repe·

261 3869 385 3944 riuntnr,
408 3867 546 3945 originem
567 3867 706 3932 duxerint.
748 3869 808 3928 Sed
830 3871 1066 3947 quemadmodum
1085 3871 1248 3930 lacunarum
1262 3869 1393 3928 illarum“

264 3987 302 3996 -
326 3954 395 4012 dicit
414 3959 508 4013 autem
529 3972 630 4028 vacua,
651 3952 754 4030 quibus
772 3954 851 4012 hiant
866 3955 929 4014 libri
950 3976 1050 4017 omnes
1067 3956 1215 4034 Polybiani
1236 3989 1279 4000 --
1300 3971 1390 4030 „con-

260 4039 370 4118 tagium
390 4039 503 4098 existo
524 4036 604 4117 tonte
625 4037 663 4095 ad
682 4037 807 4116 reliquos
828 4059 928 4100 omnes
950 4042 1034 4101 codd.
1055 4043 1195 4118 manarit,
1230 4041 1272 4100 sie
1293 4047 1322 4100 et
1342 4056 1390 4096 va·
1437 4083 1442 4096 .

260 4125 321 4184 riae
340 4123 412 4183 aliae
431 4123 529 4201 labes,
564 4122 668 4201 quibus
686 4125 745 4201 jam
766 4124 886 4184 infectus
910 4127 987 4186 idem
1006 4125 1053 4186 ille
1081 4125 1147 4188 fons
1172 4127 1280 4198 luerat,
1314 4124 1391 4182 rivos

262 4205 442 4285 omnes,‘qui
454 4209 521 4269 inde
535 4209 613 4267 ducti
633 4214 708 4279 sunt,
727 4216 925 4286 pervaserunt.
965 4211 1028 4278 Quo
1044 4211 1154 4292 suctum
1174 4217 1224 4289 eet,
1245 4215 1276 4270 ut
1297 4227 1390 4288 quum·

261 4299 305 4354 oio
324 4294 490 4355 diuersurum
506 4294 682 4373 familiarum
703 4294 814 4373 codices,
837 4299 884 4374 qui
902 4295 940 4356 ud
952 4303 1066 4357 aaaron
1079 4304 1195 4358 morum
1207 4298 1390 4378 peruenerunt,

261 4383 342 4462 ulmis
369 4379 461 4438 multis
486 4383 575 4440 tumm
602 4383 632 4439 iu
657 4379 722 4439 lo'ctr
740 4383 771 4440 iu
790 4383 950 4460 scripturum
971 4379 1116 4462 manifecte
1135 4389 1285 4462 corruptura
1306 4379 1392 4439 ueluti

249 4467 443 4551 ,conjuratione
464 4464 579 4543 quodum
600 4469 777 4546 concutiunt:
796 4466 867 4527 uude
887 4469 960 4527 latur
979 4470 1123 4528 mmmmm
1137 4468 1343 4530 enodationem
1355 4481 1390 4522 aa

258 4551 415 4627 conjecturo
435 4551 622 4611 tmtoudorum
646 4571 754 4631 campus
773 4559 813 4611 ert
834 4553 976 4614 relictur.“
1020 4553 1069 4614 Sic
1082 4554 1147 4627 i11e3
1169 4553 1247 4633 atqui
1265 4558 1294 4613 et
1315 4563 1388 4608 unus

258 4636 465 4698 eruditissimus
482 4635 690 4715 philologornm
710 4638 764 4697 fuit
782 4638 1084 4718 Schweighaeuserus,
1105 4645 1135 4698 et
1151 4639 1186 4714 is,
1207 4637 1392 4709 enitentem]

257 4724 458 4886 quagsslamtvix
479 4723 543 4800 alii,
578 4722 689 4804 copiam
709 4721 845 4788 librorum
866 4725 938 4788 blas.
959 4744 1096 4806 usurpare
1116 4724 1252 4804 singulari
1273 4723 1389 4781 fortuna

256 4825 310 4868 con
353 4827 395 4867 en
664 4840 667 4844 ι
