3675 5584
867 662 1096 774 ..ῃ-1

415 832 567 919 Διογένην
586 828 759 913 δττερδέὶιοι
778 835 842 896 τοῖν
863 837 1018 917 πολεμίων
1038 835 1192 921 έγέγναντο
1214 827 1255 898 ita
1276 837 1415 898 reddidit:
1444 837 1548 917 Dioge·

413 921 674 1000 metpuir'lturu
693 920 884 999 sequebantur,
921 923 1041 983 diluto
1064 924 1256 1005 paulisper
1274 943 1414 1003 pugno,
1453 931 1546 984 trum-

413 1013 497 1070 υττιίι
517 1008 674 1080 emmau,
707 1005 875 1067 osemdcatao
895 1028 979 1087 supro
999 1017 1082 1088 caput
1103 1010 1217 1069 tortium
1244 1015 1394 1070 consuunt.
1438 1011 1546 1088 quippe

412 1098 550 1174 apparet,
570 1088 802 1172 ὑπερτιθέμενοι
824 1111 860 1150 eo
880 1092 945 1154 loco
967 1113 1059 1173 neque
1080 1094 1240 1172 significare
1262 1095 1429 1173 δι’]ἶαονιοι,
1451 1113 1546 1172 neque

412 1181 532 1251 ulterius-
543 1196 708 1256 progressos,
746 1178 987 1255 resuscitem,
1020 1180 1072 1240 sed
1093 1186 1264 1258 αιμιτοιιέτι,
1301 1188 1332 1241 ut
1352 1179 1546 1258 intelliguntur

412 1262 649 1347 διιερτιθέμενοι
668 1257 706 1323 τό
727 1256 800 1343 ὅρη,
833 1265 910 1342 quod
931 1264 1048 1324 verbum
1069 1265 1098 1325 in
1119 1266 1313 1344 superioribus
1331 1265 1456 1345 positum
1477 1265 1548 1324 sub-

412 1353 526 1413 audias:
546 1347 674 1409 asomsis
693 1347 770 1407 enim
782 1348 926 1408 montibus
940 1349 1050 1409 hostem
1066 1369 1083 1409 a
1097 1356 1180 1429 tergo
1195 1353 1312 1411 adortus
1328 1355 1375 1409 eat
1387 1348 1547 1426 Diogenes.

424 1487 428 1492 ,
499 1437 572 1514 Cap.
592 1435 655 1505 81„
678 1427 725 1513 ἓξ.
746 1432 778 1509 5,
796 1436 831 1508 6.ι
868 1433 1131 1496 decusationibus
1153 1436 1268 1495 Pindari
1291 1434 1479 1516 probabiliter
1498 1455 1557 1494 re··

412 1522 540 1602 spondet
555 1519 707 1579 Thiersch.
725 1518 772 1578 ed.
792 1524 822 1578 et
837 1518 957 1600 interpr.
976 1523 1092 1600 poetae,
1114 1520 1169 1581 vol.
1191 1525 1219 1587 2.
1238 1541 1307 1601 pag·
1327 1520 1398 1586 257.
1415 1521 1453 1579 ad
1474 1521 1548 1583 259.

499 1607 573 1684 Cup.
595 1605 665 1680 32„
701 1598 730 1683 §-
752 1605 782 1667 2.
826 1600 890 1680 διδ,
930 1602 1043 1680 πολλός
1063 1603 1117 1686 μέν
1137 1601 1326 1689 περιστάσεις
1347 1603 1399 1667 καὶ
1421 1602 1549 1686 κοιροδς

415 1693 549 1774 ἔχοντες,
576 1689 674 1754 ένέοτε
695 1685 728 1752 δέ
748 1686 799 1752 uui
822 1682 940 1771 φόβους
959 1715 987 1754 τι.
1007 1687 1187 1768 κινδύνους,
1209 1694 1426 1755 διαλέσθανον.
1468 1691 1546 1750 lmo:

415 1777 536 1858 φόνους
556 1801 584 1838 τι.
606 1776 703 1852 nord,
739 1775 832 1835 cuades
854 1781 1006 1854 atpugooa
1024 1797 1077 1855 per
1100 1779 1316 1856 gradationem:
1357 1795 1422 1836 num
1453 1781 1547 1835 metus

415 1866 530 1944 quidem
559 1861 685 1921 efferunt
709 1860 794 1921 etiam
816 1866 953 1940 tempora
979 1863 1106 1922 difficilia
1133 1857 1334 1946 (περιστάσεις
1361 1883 1390 1922 κ.
1420 1862 1547 1942 καιροί).

412 1950 504 2010 verba
522 1943 621 2028 φόβος
641 1951 672 2006 et
692 1940 791 2024 φόνος
813 1945 888 2006 hand
906 1967 972 2006 raro
992 1952 1154 2026 permutata
1174 1955 1241 2008 sunt
1262 1949 1291 2007 in
1311 1947 1405 2006 libris:
1428 1967 1456 2012 v.
1476 1948 1550 2006 Por-

413 2045 479 2101 ao'n.
500 2036 537 2093 ad
559 2033 657 2112 Eurip.
678 2031 806 2106 Hecub.,
828 2033 945 2109 Orest,
966 2033 1046 2096 Med.

499 2119 624 2178 Ibidem:
659 2109 818 2196 ἠθροίζετο
840 2113 874 2179 δέ
893 2112 970 2178 nord
991 2113 1048 2197 τήν
1064 2111 1216 2197 πρόθεσιν
1236 2112 1351 2196 ταύτην
1372 2109 1421 2179 αἐδ
1441 2112 1477 2179 τό
1497 2137 1550 2178 νιε-

414 2200 549 2286 osseos
566 2194 680 2273 αότοῖς.
722 2199 865 2260 Desidero
892 2203 1047 2274 genitivum
1072 2203 1150 2272 rei„
1171 2201 1251 2277 cujus
1280 2223 1348 2278 κεφ.
1376 2202 1454 2260 dicat
1475 2201 1548 2280 Pol,

413 2309 534 2368 eumque
553 2308 602 2346 res
622 2305 658 2345 en
680 2284 866 2361 intelligenda
884 2284 923 2342 sit
948 2283 1031 2362 colpe
1057 2284 1103 2342 vel
1124 2285 1258 2344 damnum
1265 2325 1276 2362 ,
1314 2279 1418 2359 αὐτοῖς
1437 2287 1550 2346 videtur

412 2379 615 2454 depravatum,
646 2389 700 2448 pro
720 2389 813 2457 eoque
833 2369 1031 2447 reponendum
1049 2364 1138 2450 ἄτης,
1170 2371 1250 2448 quod
1270 2371 1458 2448 vocabulum,
1488 2367 1549 2432 sre-

412 2454 505 2541 qnens
526 2458 603 2536 apud
627 2455 783 2514 Homerum
803 2461 834 2514 et
853 2453 1013 2532 Tragicos,
1048 2475 1107 2514 non
1128 2455 1347 2533 abjudicaverim
1367 2455 1404 2514 ab
1433 2464 1549 2518 oratore

413 2546 546 2607 studioso
567 2541 711 2621 poeseos,
738 2541 831 2618 quatis
852 2545 898 2600 est
918 2540 965 2598 hic
985 2546 1095 2600 noster.
1139 2566 1175 2618 o,
1205 2564 1252 2613 αι,
1276 2564 1333 2618 αν,
1364 2543 1434 2602 item
1454 2567 1491 2624 η,
1514 2567 1549 2621 α,

415 2655 461 2709 οι,
478 2628 688 2710 permiscentur
708 2644 911 2702 nonnunquam
930 2625 958 2682 in
982 2626 1139 2686 codicibus.
1327 2671 1334 2686 .

500 2714 575 2794 Cap.
588 2713 651 2787 36,
669 2706 697 2790 §-
712 2712 743 2772 6.
779 2708 945 2791 ἐξενεγκεῖν
965 2704 1174 2793 τοῖς-Ἀχαιοῖς
1196 2706 1252 2776 τδν
1271 2704 1417 2793 πόλεμον.
1452 2710 1548 2773 Verba

416 2817 611 2883 supervacua,
632 2795 777 2871 snblectn,
799 2801 889 2874 puto,
911 2794 940 2878 §.
964 2799 993 2860 1.

501 2885 629 2987 ibidem,
660 2879 689 2964 δ.
707 2882 738 2942 7.
783 2873 970 2985 Παραδόξως
992 2874 1025 2942 δέ
1045 2878 1098 2944 καὶ
1118 2877 1195 2944 nord
1216 2883 1294 2944 uodo
1315 2886 1379 2956 τοῖς
1401 2881 1546 2956 Αἰτωλοῖς

414 2987 1010 3132 ,mpmppmopo
1032 2965 1545 3133 isstttffltdtttitt

413 3145 490 3206 haud
511 3145 704 3220 introquente.
747 3136 790 3212 οδς
810 3134 887 3202 στανδ
908 3143 986 3202 νοῦν
1006 3138 1113 3199 dictum
1131 3159 1185 3219 pro
1202 3134 1279 3201 ιιατδ
1299 3141 1387 3215 νοῦν,
1409 3139 1483 3199 sicut
1504 3135 1546 3212 cic

414 3223 542 3311 όέηθοῖς
561 3248 615 3308 pro
637 3218 764 3307 ἄληθοῖς
784 3230 839 3290 etc.
1357 3265 1360 3270 ,

501 3313 648 3395 eapse,
669 3309 698 3394 ᾗ
709 3310 739 3375 4.
812 3307 837 3385 ’ς
857 3307 913 3391 μέν
933 3306 991 3394 γδρ
1011 3304 1066 3388 τός
1087 3302 1253 3396 όναγτιαέας
1274 3311 1330 3372 τοῦ
1350 3308 1420 3388 βίον
1434 3308 1544 3388 χρείας,

415 3397 455 3464 ια’
481 3422 514 3463 τε
543 3397 675 3483 δέρματα
702 3394 754 3460 καὶ
781 3392 815 3460 cd
839 3399 901 3458 τῶν
924 3397 967 3470 εἰς
987 3390 1043 3470 τδς
1062 3397 1206 3470 δουλείας.
1220 3391 1376 3478 οἷγομένουν
1397 3387 1546 3472 σωμάτων

414 3490 552 3566 πλῆθος,
572 3493 628 3548 etc.
670 3485 715 3545 Ita
737 3483 844 3558 codd,
866 3502 931 3541 ουτοι
941 3481 987 3556 ,αδ
1008 3501 1066 3541 uno
1082 3480 1221 3542 Urbinnte
1241 3479 1420 3556 discesseris,
1440 3480 1545 3556 inquo

413 3573 536 3632 habetur
549 3571 687 3654 θρέματα
699 3570 759 3630 sive
773 3565 948 3650 θρέμματα,1
957 3569 1034 3645 quod
1043 3566 1137 3630 Schw.
1151 3567 1265 3643 accivit,
1306 3585 1422 3645 „pesum
1432 3561 1547 3639 'cnim,“

414 3658 522 3736 inquit,
552 3659 614 3737 „nd
632 3655 812 3718 necessarios
829 3653 974 3732 pertinent
996 3653 1070 3712 vitae
1091 3671 1176 3729 usus,
1208 3671 1266 3711 non
1288 3652 1395 3711 coriu“
1438 3650 1547 3722 Audi03

414 3745 469 3803 s'ed
489 3746 591 3805 mirum
609 3744 699 3813 toret,
737 3741 762 3800 ai
782 3738 900 3798 verbum
921 3739 1098 3798 tritissimum
1119 3737 1354 3820 aptissimumque
1375 3735 1493 3796 abiisset
1517 3736 1546 3793 in

335 3858 337 3861 ·
414 3829 508 3888 minus
524 3830 674 3910 frequens,
691 3825 784 3885 minna
800 3831 908 3904 aptum,
930 3824 1150 3905 dissimiliusque
1170 3821 1251 3882 alteri
1274 3840 1358 3900 quum
1380 3822 1458 3898 quod
1479 3841 1547 3880 casu

414 3914 556 3975 invectum
581 3935 647 3976 esse
669 3912 807 3972 videntur.
850 3929 939 3988 quare
965 3909 1131 3988 ponendum
1157 3927 1261 3968 censeo
1282 3901 1371 3968 τότε
1392 3904 1546 3984 ἐδέσματα.

414 3999 463 4074 id,
479 4001 624 4077 persimile
643 3999 778 4074 vulgatae
797 3993 956 4074 scripturae
971 3990 1018 4072 *),
1039 3993 1207 4054 vocabulum
1227 3993 1330 4069 legitur
1349 3992 1427 4068 apud
1448 3993 1547 4052 Xeno-

413 4083 550 4163 phontem
571 4087 714 4159 Hierone,
749 4100 813 4160 cap.
834 4081 882 4156 1.‚
913 4086 943 4140 et
963 4080 1008 4138 bis
1038 4079 1067 4138 in
1088 4074 1421 4155 Batrachomyouachia,
1454 4097 1546 4156 eoque

415 4173 507 4248 mugio
527 4169 724 4250 accipiendum
745 4172 807 4244 est,
828 4185 886 4243 qno
906 4167 991 4225 latios
1012 4169 1092 4244 patet
1113 4167 1175 4244 ejus
1196 4161 1373 4241 significatio.

502 4258 575 4338 Cap.
596 4253 668 4330 40„
703 4248 731 4333 ᾗ.
753 4254 780 4316 1.
823 4248 907 4314 Ἐπεὶ
932 4244 958 4314 δ’
978 4249 1028 4314 troi
1048 4245 1101 4314 τόν
1122 4242 1218 4313 τόπον
1238 4245 1419 4328 ἐπέστημεν,
1455 4239 1546 4308 οὐδέν

417 4335 548 4420 ἐφετέον
569 4333 674 4423 όρμδν,
696 4331 763 4401 odt‘
776 4335 810 4402 έν
831 4329 912 4423 αὐτῇ
930 4331 1085 4420 epiusion
1105 4336 1254 4415 ιιεέμενον.
1297 4331 1452 4408 Ponamus,
1472 4349 1545 4408 quae

416 4429 609 4509 gmeoasint:
628 4415 890 4501 -ένιέστ.,υυ’δ’
911 4414 966 4503 cip·
988 4415 1085 4507 όργδν
1106 4417 1198 4486 οδδδν
1219 4418 1252 4483 έν
1274 4441 1302 4482 α.
1324 4439 1350 4482 τ.
1372 4440 1406 4499 φ.
1428 4438 1454 4477 ιι.

488 4648 520 4717 *)
539 4666 556 4716 ρ
573 4654 602 4704 at
619 4663 635 4700 σ
653 4643 733 4700 atium
750 4645 822 4730 apud
838 4643 1010 4716 Eupolidem,
1030 4644 1129 4699 Athen.
1145 4641 1212 4712 646,
1232 4643 1260 4709 t,
1282 4641 1394 4696 contuse
1409 4642 1492 4712 puto,
1509 4638 1546 4726 si·
1611 4685 1614 4690 ,

419 4720 526 4864 μιιρὶἒοέ
543 4719 589 4847 ἑοὶ
612 4735 662 4790 pro
683 4714 790 4771 manbre
801 4709 853 4782 Ὃς
869 4713 1000 4785 Χαρίτων
1015 4708 1067 4786 μέν
1083 4709 1178 4785 δμιχει*
1190 4713 1354 4769 scabendum
1371 4718 1412 4766 est
1421 4705 1474 4775 Ὃς
1491 4708 1547 4763 Θα-
