3675 5584
728 665 984 751 -ιμ-1

267 867 298 928 2.
341 885 362 924 α
386 867 416 922 et
436 881 474 924 ου
496 861 679 940 ΡθΜῑδσειί,
699 860 870 921 tralaticium
887 866 947 921 est:
979 879 1006 918 v.
1026 877 1093 919 ann.
1117 859 1155 920 ad
1176 858 1268 926 Thus.
1292 857 1400 938 8,.42.

268 948 400 1008 Certiora
421 947 509 1005 etiam
527 947 707 1006 correctione
724 946 836 1006 scribo:
857 942 937 1027 πρός
957 939 1014 1018 σός
1034 943 1115 1009 ἔστιν
1134 943 1210 1025 ἡμῖν
1231 941 1292 1026 ἤδη
1313 947 1402 1022 φιλία

265 1065 327 1108 -,
347 1028 400 1094 nol
420 1026 497 1112 πρός
517 1025 659 1105 οόστινας
678 1028 756 1113 ἡμῖν
776 1025 819 1094 ὃν
837 1029 960 1116 γένηται
981 1035 1036 1094 etc.
1079 1028 1126 1090 De
1147 1031 1166 1093 d
1187 1036 1217 1090 et
1237 1054 1253 1092 τ
1274 1032 1401 1098 confusis

264 1137 294 1177 v.
315 1122 415 1180 annot.
430 1118 473 1175 -sd
494 1114 534 1192 3,
565 1117 626 1192 66,
657 1115 688 1178 3.
711 1113 766 1179 ἐόν
785 1135 841 1197 pro
863 1112 903 1179 ds
923 1131 1074 1196 perperam
1095 1116 1295 1196 scriptumest
1315 1117 1399 1176 etiam

264 1203 344 1281 apnd
365 1200 543 1261 Athenaeum
566 1201 646 1277 129,
667 1201 695 1277 1,
717 1203 798 1281 517,
814 1203 853 1278 d,
873 1199 956 1278 547,
979 1201 1014 1276 b,
1035 1200 1116 1277 615,
1137 1219 1164 1260 e.
1205 1199 1311 1277 Schw.,
1331 1208 1399 1280 post

264 1283 288 1368 ἥ
310 1309 342 1350 τε
363 1287 450 1365 φιλία
471 1286 654 1346 intercidisse
674 1293 780 1366 putans
799 1285 851 1349 sol
873 1287 1047 1368 συμμαχία,
1063 1295 1121 1344 non
1140 1287 1306 1364 persuadet.

350 1372 478 1446 ibidem,
502 1365 531 1451 ξ.
549 1373 579 1434 8.
622 1405 664 1416 -
687 1366 761 1435 όνευ
784 1365 877 1435 δόλου
898 1369 951 1434 rol
973 1369 1136 1451 ἐπιβουλῆς
1156 1365 1289 1449 ἐσόμεθα
1310 1367 1400 1434 πολέ-

264 1478 330 1538 μιοι
348 1462 413 1535 τοῖς
433 1452 510 1536 πρὸς
532 1457 764 1537 Καρχηδονίους
785 1461 951 1539 πολεμοῦσι
972 1488 1025 1516 -.
1067 1455 1169 1534 Apage
1188 1456 1307 1517 Reiskei
1328 1477 1398 1536 ope·

261 1561 359 1602 rosam
379 1542 554 1603 curationem
575 1535 706 1621 ἐσόμεθα
732 1541 889 1624 πολέμιοι,
924 1539 946 1605 ό
952 1547 1017 1622 psi
1022 1563 1037 1614 ς
1059 1537 1129 1619 μὲν
1151 1545 1215 1615 τοῖς
1233 1563 1285 1621 πρ.
1309 1545 1346 1605 K.
1367 1567 1398 1604 rr.

261 1635 319 1690 etc.
345 1647 401 1686 nec
435 1627 589 1704 quidquam
617 1627 813 1703 desideratur,
848 1634 881 1687 ut
906 1629 1006 1687 visum'
1024 1625 1314 1704 Schweighaeusero,
1346 1629 1399 1688 sed

262 1731 373 1772 merom
399 1710 527 1791 sphalma
555 1711 664 1773 hbrarii
686 1718 732 1773 cst
753 1708 885 1796 loripede
905 1733 960 1794 pro
982 1709 1105 1789 tresde,
1140 1713 1256 1789 dequo
1276 1713 1399 1792 primum

261 1797 328 1876 ipse
349 1797 506 1874 cogitabat.

327 1895 332 1899 ⁴
349 1881 468 1962 Ibidem,
490 1879 517 1964 §.
529 1884 581 1949 10.
615 1881 795 1949 insederit
814 1881 866 1948 nat
885 1880 960 1964 ripis
981 1879 1055 1965 πρός
1076 1877 1128 1945 τόν
1148 1874 1291 1960 πόλεμον.
1334 1877 1397 1938 Lo·

262 1987 314 2028 cus
332 1965 465 2032 affectus.
508 1969 566 2028 Aut
586 1971 776 2048 adjiciendum
796 1989 863 2031 esse
885 1963 1045 2051 σύμμαχοι,
1066 1973 1115 2027 aut
1128 1965 1310 2028 scribendum
1324 1981 1397 2026 συν-

261 2049 370 2114 ἐσεσθε
392 2054 438 2112 vel
460 2052 631 2136 παρὲφσθε
653 2057 791 2116 censebat
810 2055 934 2132 Schts,
957 2055 1034 2132 qood
1054 2054 1164 2118 durum.
1207 2051 1281 2110 bene
1303 2057 1398 2110 autem

235 2137 351 2196 habet
376 2140 536 2217 repositum
555 2141 592 2199 ab
615 2160 650 2200 eo
673 2139 787 2204 ἔσεσθε.
832 2140 1013 2201 absolvamus
1034 2139 1239 2198 correctionem
1259 2135 1397 2215 ponendo

158 2247 161 2252 ¹
263 2219 370 2284 ἔσεσθε
399 2220 432 2284 di
461 2226 531 2304 μεθ’
559 2223 650 2306 ἡμῶν
681 2234 735 2288 etc.
778 2227 825 2286 De
851 2225 1071 2285 hallucinatione
1102 2223 1258 2284 scribarum
1288 2219 1340 2282 sol
1368 2226 1398 2280 et

263 2299 336 2387 perti
359 2305 436 2366 haud
457 2327 524 2368 raro
546 2312 777 2372 confundentium
794 2312 866 2371 dixit
879 2308 1033 2369 Schaeler.
1055 2309 1154 2368 Melet.
1175 2309 1237 2368 crit.
1257 2325 1324 2385 pag.
1344 2306 1397 2369 58.

240 2398 292 2451 'el
312 2392 340 2448 5¹¹
361 2391 439 2450 ”⁰15⁸
460 2413 530 2473 pag·
551 2394 624 2460 184.
645 2414 749 2474 sequ,
777 2403 838 2455 tum
856 2395 973 2456 Jacobs.
992 2393 1029 2450 ad
1051 2391 1120 2451 Tat.
1144 2391 1201 2467 14,
1232 2394 1263 2456 7.
1305 2393 1397 2452 Recte

249 2474 357 2534 ΜΝ·
372 2476 403 2552 1,
420 2475 471 2551 49,
491 2483 538 2542 9·=
561 2477 700 2561 δεόμενοι
720 2481 791 2560 μεθ’
812 2480 973 2560 innuptae,
994 2476 1043 2535 ubi
1063 2477 1163 2536 codd:
1186 2476 1213 2537 d.
1227 2477 1299 2538 καθ’
1314 2476 1398 2550 inan,

262 2566 422 2638 miraque
442 2565 482 2640 2,
518 2567 579 2638 69,
615 2569 646 2628 7.
675 2567 897 2646 μεταβαλοῦσαι
924 2566 954 2624 iu
979 2562 1206 2642 καταβαλοῦσαι
1232 2561 1397 2619 mutandum

261 2663 328 2705 esse
354 2644 554 2707 intelleximus.
599 2649 646 2710 hic
668 2652 783 2728 quidem
811 2651 951 2729 gliscente
980 2647 1186 2726 depravatione
1210 2647 1397 2722 scripserunt,
1483 2671 1485 2676 ·

260 2737 352 2809 Pul⁰r
387 2732 472 2811 καθ’,
506 2757 578 2809 κατ,
615 2736 677 2800 καί.
719 2733 808 2816 ἡμῶν
833 2755 902 2795 vero
932 2739 962 2794 et
988 2730 1175 2812 ἡμῖνῐεοίἰε
1205 2729 1396 2790 contuderint.

262 2814 370 2878 όσεσθε
392 2813 427 2877 di
445 2813 516 2896 μεθ’
535 2817 640 2900 ἡμῶν,
674 2828 706 2879 nt
727 2819 890 2899 Xenophon
910 2817 1005 2878 Anah.
1031 2819 1068 2894 1,
1099 2817 1137 2894 3,
1171 2815 1215 2879 ἔτι
1251 2807 1340 2877 Ἐπεὶ
1363 2812 1397 2877 dl

262 2898 358 3049 us
372 2895 1089 3096 ιςιιινιινιιιειιξι’.νυνι
1109 2981 1306 3066 .
1323 2922 1397 3066 ιιι

261 3069 351 3150 sisois
374 3094 467 3152 ειναι,
489 3075 554 3154 ubi,
573 3077 652 3155 qood
671 3075 819 3151 Porsouus
840 3075 943 3155 reponi
958 3073 1059 3151 jussit,
1088 3069 1168 3136 ἰέναι
1188 3070 1234 3132 rel
1254 3071 1309 3130 hoc
1329 3070 1394 3131 loco
1472 3081 1489 3116 f
1574 3109 1576 3116 .

195 3187 203 3202 ·
262 3158 403 3234 arguitur.
1387 3209 1393 3233 ,

346 3242 467 3322 Ibidem,
487 3245 516 3328 §·
529 3249 580 3313 12.
605 3241 730 3328 πονήσει
749 3251 811 3311 τοῖν
832 3243 866 3310 dl
886 3249 949 3309 τῶν
969 3249 1055 3308 θετόν
1075 3241 1150 3326 ulpio
1172 3239 1227 3321 μὲν
1247 3239 1299 3304 καὶ
1318 3237 1395 3324 ἡμῖν

261 3331 318 3386 etc.
360 3328 473 3388 Pariter
495 3334 643 3392 mendosa.
686 3334 772 3393 Hand
792 3333 867 3394 male
889 3333 983 3391 Schw.
1004 3332 1034 3389 in
1053 3330 1106 3390 lex.
1127 3327 1229 3404 Polyb.
1247 3347 1273 3386 v.
1294 3331 1395 3390 ποιεῖν

262 3409 342 3491 (nam
362 3413 392 3472 in
414 3418 620 3477 commentario
633 3418 786 3499 nugatur):
810 3409 846 3480 ssi
866 3410 1062 3496 ποιησόντων
1083 3411 1117 3478 di
1136 3418 1198 3476 τοῖν
1217 3415 1303 3474 θεοῖν
1325 3417 1394 3488 etc,

262 3515 325 3554 com
344 3501 514 3575 praesertim
535 3504 687 3563 antecedat
712 3524 768 3564 vox
789 3497 1057 3584 συμφωνήσυμεν,
1091 3506 1124 3558 ut
1142 3499 1273 3580 rideatur
1292 3496 1394 3555 verisi-

261 3579 345 3654 miles
382 3573 417 3642 eri
437 3583 604 3664 absorptum
625 3608 690 3648 esse
711 3589 748 3648 ab
770 3610 823 3651 -εν
843 3588 950 3647 vicino.
992 3606 1047 3646 nec
1067 3589 1161 3644 tumen
1188 3582 1317 3662 poenitet
1342 3591 1415 3639 su-'

263 3664 411 3769 spicipuis,
429 3685 514 3743 quam
533 3671 601 3732 olim
621 3671 718 3750 habui,
737 3671 886 3750 Polybium
905 3673 1027 3754 diuisae:
1058 3662 1252 3751 πορισόντοον
1272 3663 1321 3744 di,
1348 3666 1393 3725 vel

262 3751 279 3811 d
312 3771 356 3820 εν,
375 3753 438 3812 τῶν
458 3756 543 3814 θεῶν
561 3753 637 3834 ἡμῖν
658 3753 713 3838 μὲν
732 3757 783 3820 καὶ
804 3756 880 3838 ripis
901 3755 944 3835 (id
957 3757 1051 3816 malim
1070 3774 1154 3833 quam
1176 3752 1300 3830 vulgata,
1319 3770 1393 3828 quo·

259 3835 334 3894 uiam
356 3843 488 3896 auctores
516 3837 582 3896 belli
601 3839 714 3900 fuerumt
740 3843 1009 3921 Carthaginienses,
1044 3843 1142 3918 quare
1155 3840 1184 3897 in
1206 3836 1392 3914 sequentibus

260 3939 294 3979 se
316 3920 502 3998 stipulatores
516 3923 613 3982 dicunt
628 3945 682 4003 pro
697 3926 840 4008 Philippo,
861 3928 886 3987 ri
900 3947 936 3986 ex
950 3926 1092 3986 sententia
1112 3921 1297 4000 successerit)
1316 3917 1392 3984 nurci

260 3999 316 4067 τόν
337 4003 546 4087 πόλεμονεῑα.
579 4007 759 4089 'Emendatio
779 4013 881 4089 facilis,
902 4013 1009 4091 quippe
1030 4035 1050 4092 η
1072 4033 1084 4072 ι
1104 4015 1134 4069 et
1155 4031 1189 4090 ρ,
1210 4009 1276 4067 item
1298 4029 1319 4068 α
1338 4005 1390 4088 (ἁ)

170 4126 179 4146 2
261 4096 291 4150 et
313 4112 349 4164 ει,
371 4113 386 4152 ε
407 4114 434 4154 ει
454 4098 484 4153 et
504 4092 653 4171 similibus,
674 4097 759 4155 etiam
781 4097 851 4156 alias
871 4097 1008 4158 confusis.
1050 4101 1121 4172 tum,
1143 4094 1222 4171 quod
1242 4093 1280 4151 ad
1299 4093 1391 4172 ipsam

260 4175 420 4236 orationem
447 4180 566 4255 attinet,
601 4181 705 4238 eodem
732 4183 825 4243 modo,
840 4183 991 4261 Euripides
1012 4181 1089 4244 hled.
1113 4181 1201 4242 828.:
1235 4178 1264 4238 sl
1284 4174 1390 4256 πόσχοι

260 4263 346 4323 θεοῖν
367 4258 552 4342 ποριζόντων
572 4269 691 4341 sutrim
713 4272 743 4325 et
764 4265 824 4340 Alc.
842 4267 929 4331 213.:
960 4259 1042 4343 οόναξ
1065 4259 1189 4339 Παιὰν,
1209 4261 1308 4346 όξενρι
1329 4278 1389 4342 ’μη-

260 4342 360 4426 xersis
380 4343 435 4408 τιν’
456 4341 595 4434 ’Λόμήτρι
615 4354 738 4429 ιιαιιοόν,
758 4345 859 4429 πόριζε
879 4347 937 4431 δὴ,
956 4347 1073 4435 πόριζεῑ
1093 4355 1136 4416 ἰ-

345 4431 510 4511 Cap·12·‚
547 4431 576 4514 ᾗ.
596 4439 721 4500 6.-“8.
765 4435 817 4498 καὶ
844 4433 915 4518 μὴν
936 4437 1008 4519 περὶ·
1033 4441 1089 4519 τῆς
1113 4427 1309 4512 Ἀλεξάνδρου
1335 4428 1388 4493 καὶ

264 4513 463 4599 Χρυσογόνου
485 4517 536 4579 καὶ
554 4525 624 4582 τοῖν
652 4518 752 4584 ἄλλων
784 4524 881 4600 φίλων
912 4516 1035 4598 aduolat,-
1059 4521 1111 4586 acl
1140 4519 1315 4601 προθυμίας
1344 4515 1388 4590 ⁸39

261 4595 352 4665 αὐτόν
375 4597 441 4665 ov’d'
462 4596 502 4665 όν
522 4603 618 4667 εἰπεῖν
640 4631 687 4682 τις
707 4601 832 4692 δύναιτ’,
845 4603 954 4683 α’ξίοος·
989 4605 1047 4688 τήν
1074 4602 1389 4684 δὲ’Πελοποννησὶων

248 4681 311 4749 ’καὶ
330 4684 621 4766 &cordesius-dl
640 4688 759 4767 τούτοις
769 4688 971 4773 Ἠπειρωτῶν,
991 4686 1197 4773 Ἀκαρνάνων,
1217 4685 1298 4755 loos
1319 4681 1389 4752 tuol-

262 4791 339 4867 στοις
367 4768 496 4857 όνυθοῖν
522 4773 556 4839 ἐν
581 4777 689 4859 βραχεῖ
712 4774 812 4863 χρόνῳ
826 4779 998 4861 ιπαραίτιος
1024 4777 1148 4861 ἐγένετο.
1184 4769 1327 4840 Ικαθόλου
1356 4796 1389 4857 γε

444 4893 447 4900 .
1135 4867 1180 4930 4*
