3675 5584
886 635 1098 712 „50-

511 812 583 890 Cap
605 814 657 888 8,
663 807 720 913 8.
742 814 773 874 6.
816 809 987 914 Γενομένης
1003 807 1039 874 δὲ
1057 807 1260 917 περιπετείας,
1292 807 1345 870 καί
1361 831 1443 882 τινος
1464 801 1570 872 αὖτο-

425 894 522 980 μόλου
549 919 605 978 την
632 891 727 959 νύκτα
752 891 947 972 διαπεσόντος
974 896 1018 972 εἰς
1042 892 1099 977 τὴν
1121 895 1366 956 Μαντίνειαν-
1373 894 1569 957 .Alienurn

424 992 469 1045 est
490 980 640 1055 solunte
659 982 843 1057 baudnora,
864 984 918 1043 sed
939 984 1055 1081 eadem,
1087 983 1124 1042 de
1145 999 1203 1060 qua
1223 981 1319 1058 coepit
1339 980 1459 1056 dicere,
1485 999 1568 1038 casu

422 1070 570 1148 inopinato
587 1067 656 1143 illo,
687 1084 758 1144 quo
766 1067 889 1145 perfuga
908 1067 1054 1148 quidam
1046 1086 1074 1126 ru
1093 1067 1159 1146 ipso
1179 1063 1334 1140 articulo,
1350 1084 1412 1126 cum
1432 1067 1567 1144 Spartae

423 1175 492 1234 pars
514 1159 599 1231 capta
620 1159 681 1227 est,
709 1151 786 1210 venit
807 1155 844 1210 ad
867 1153 1049 1232 Agesilaum,
1078 1153 1161 1230 eique
1182 1149 1338 1228 nuntiavit,
1370 1151 1440 1228 quid
1459 1156 1568 1210 actum

424 1245 512 1299 esset.
559 1238 723 1314 Requiritur
740 1239 881 1314 particula
901 1238 1042 1316 quaedam
1061 1237 1208 1314 exegetica
1228 1255 1279 1294 sen
1300 1235 1433 1314 causalis,
1453 1236 1567 1312 vixque

349 1329 354 1340 “
423 1325 540 1389 dubium
562 1328 606 1381 est
622 1323 690 1400 quin
707 1320 769 1380 Pol.
790 1317 939 1382 dixerit‘'
912 1347 956 1398 υς
978 1345 1060 1398 τινος
1080 1329 1147 1399 etc,
1169 1341 1233 1380 cnm
1254 1339 1338 1380 nemo
1358 1321 1484 1448 ignoret,
1505 1317 1566 1382 τιατ

423 1416 466 1468 et
475 1406 517 1482 οδς
538 1427 625 1485 saepe
643 1407 763 1466 confusa
784 1428 849 1468 esse
869 1428 887 1468 a
904 1409 1037 1468 librariis.

510 1493 636 1570 Cap.9,
658 1489 728 1574 §.8
765 1483 998 1574 συμπέμψαι
965 1515 1020 1572 μιν
1040 1514 1112 1564 τους
1132 1487 1307 1570 ἑπομένους.
1337 1444 1458 1550 Frustra
1479 1495 1563 1566 sunt,

425 1562 556 1656 qui'boc
588 1583 723 1663 tuentur,
759 1579 841 1655 quasi
870 1576 1059 1658 συμπέμπειν
1092 1577 1255 1656 significare
1285 1577 1378 1656 possit
1409 1580 1562 1656 reprimere.
1674 1577 1675 1580 ’

425 1665 541 1732 Quanto
563 1657 669 1721 rectius
687 1668 742 1738 est,
764 1665 842 1740 quod
862 1664 965 1724 Reisls.
987 1663 1150 1744 proposuit,
1170 1661 1333 1769 συντρῖψαι
1356 1665 1427 1722 etc!
1450 1666 1507 1766 7.,
1516 1663 1561 1736 8.,

425 1749 472 1806 ubi
493 1754 624 1806 narratur
641 1747 747 1806 factum
767 1749 837 1808 illud
854 1749 1035 1809 Hannibalis:
1067 1745 1120 1810 καὶ
1140 1745 1271 1820 mellotis
1290 1743 1346 1826 μὲν
1368 1740 1467 1809 uriroiv
1486 1739 1562 1808 οἴοιτ’·

424 1856 531 1909 κτεινε,
553 1828 626 1905 τοδς
645 1828 679 1894 δὲ
700 1829 827 1908 λοιπους
847 1833 882 1898 ἐτι
901 1839 957 1914 τῆς
978 1831 1224 1914 παρεμβολῆςέξ
1226 1830 1322 1912 §.datr
1366 1833 1445 1891 Saue
1463 1833 1492 1890 id
1512 1839 1564 1892 est
1674 1879 1675 1916 3

375 1916 379 1923 ’
425 1919 596 1998 συντρίβειν
616 1912 715 1992 τινδς,
733 1939 787 1980 nec
810 1921 906 2002 aptius
926 1920 1080 2030 quidquam
1100 1925 1149 1978 aut
1169 1917 1345 1978 verisimilius
1367 1917 1562 1996 excogitatum

276 2048 278 2061 .
351 2059 354 2062 ,
424 2006 459 2063 iri
481 2003 613 2062 arbitror.

509 2089 628 2157 Ibidem
650 2083 678 2166 8.
701 2089 732 2150 8
777 2083 950 2164 υσαιευτως
969 2088 1021 2152 καὶ
1042 2088 1183 2170 βεβαίως.
1224 2087 1288 2147 Vox
1308 2089 1430 2164 ligurata
1452 2092 1483 2145 nt
1505 2105 1563 2146 nna

425 2163 489 2317 “ii
507 2171 779 2317 lllllllltl
797 2173 1069 2362 illidii,
1089 2175 1146 2320 ll
1165 2171 1565 2338 llllillrdilllltl

424 2281 441 2319 e
1004 2281 1055 2338 ,u
1086 2281 1098 2338 J

425 2342 523 2417 ada,
546 2343 636 2419 5,7·
755 2384 758 2390 ·
1674 2405 1675 2410 ,

510 2383 636 2503 Ibidem,
671 2424 854 2509 §.10.-
882 2428 1017 2492 lucceio
1039 2426 1094 2510 μιν
1124 2421 1440 2532 ἀναμιμνησκόμενοι,
1474 2421 1562 2490 εδδ
1674 2423 1675 2444 ³

424 2509 488 2596 uinci
510 2508 568 2595 τήν
595 2508 673 2593 ὄψιν
693 2508 916 2618 λαμβοὶυρντες,
954 2514 1081 2622 ζηλωταὶ
1100 2517 1262 2599 γίγνωνται
1276 2507 1459 2620 παρμῖβυλου
1482 2511 1560 2592 ἔχειν

425 2623 453 2660 τι
474 2595 527 2660 καὶ
547 2597 747 2673 κινδυνῶδες,
772 2591 954 2663 τούναντίον
976 2597 1009 2663 δὲ
1030 2595 1192 2682 οἷσφαλῆμ
1193 2595 1284 2662 δν
1247 2623 1304 2678 την
1323 2593 1452 2704 τόλμαν,
1480 2605 1560 2660 θαυ-

426 2684 540 2764 μασίαν
561 2679 651 2744 δὲ
614 2706 672 2762 την
690 2682 844 2762 ἐπίνοιαν,
881 2679 1066 2767 οἴετ’μνηστον
1091 2684 1124 2748 δὲ
1145 2685 1197 2748 καὶ
1216 2680 1314 2764 καλην
1335 2679 1445 2764 ἔχει
1410 2707 1468 2764 την
1487 2707 1558 2790 πριμ-

299 2798 308 2838 χ
427 2771 562 2850 αἰρεσιν,
584 2765 635 2830 καὶ
655 2769 908 2877 κατορθοιθὲντμ,
929 2771 983 2833 καὶ
1004 2769 1242 2850 διαψευσθέντα,
1263 2771 1489 2851 παραπλησίως,
1505 2765 1558 2832 cdv

427 2852 523 2932 μόνον
545 2849 602 2915 oric
622 2877 667 2938 νῳ
655 2851 827 2934 γένηται,
848 2851 885 2918 τοὶ
906 2851 1107 2937 πραττόμενα.
1150 2855 1295 2916 Lacunam
1312 2861 1381 2934 post
1401 2855 1555 2936 γίγνωνται

426 2941 552 2998 indicare
573 2940 644 2998 satis
663 2938 762 3010 babuit
785 2940 852 2999 Cas.
872 2941 989 3001 Reislcs
1011 2941 1169 3019 „Videtnr,
1171 2942 1193 2977 ‘⁶
1214 2943 1314 3040 inquit,
1336 2939 1439 3018 „locus
1458 2945 1555 2998 utcun-

427 3045 483 3102 que
504 3045 546 3084 src
565 3043 654 3103 posse
674 3026 788 3084 sarciri:
788 3028 873 3130 ζηι.
871 3026 1000 3129 Γ’.μίμνῃ
1006 3021 1051 3089 ου’
1072 3030 1147 3089 τῶν
1171 3019 1400 3090 δοκσυντωυ
1421 3020 1554 3102 παραβο-

426 3117 481 3172 λσν
504 3109 544 3192 ἔχ.
565 3132 642 3171 τιτι.
663 3111 755 3189 arud,
776 3101 888 3190 ἄλλ’
869 3130 940 3174 ooo
961 3105 1100 3188 reducor.
1123 3104 1198 3190 οἷσφ.
1220 3108 1297 3192 μὲν“
1322 3116 1378 3175 etc.
1421 3109 1499 3170 Et
1479 3110 1556 3168 simi-

422 3179 1308 3280 Ιιιετδσὺν80101ἰο.ζη8.μιγν.τώντοιουτυν,
1342 3190 1409 3276 οὐχ
1437 3217 1558 3269 ουτως

427 3276 500 3342 όσοι
520 3280 629 3342 δοκιι
618 3276 785 3361 παράβ.
786 3288 841 3341 etc.
884 3283 988 3343 Oleum
1004 3289 1035 3342 et
1052 3302 1168 3364 operam
1189 3284 1315 3382 perdunt
1335 3279 1489 3380 philologi,
1500 3282 1557 3380 qni

427 3365 567 3443 ejusmodi
588 3367 823 3444 castigationibus
840 3374 968 3431 veterum
988 3370 1160 3448 scriptorum
1182 3371 1328 3448 operosis,
1351 3387 1404 3426 nec
1423 3366 1560 3424 verisimi-

333 3526 335 3529 .
427 3451 513 3551 libus,
531 3449 690 3526 indulgent.
731 3452 873 3530 Equidem
890 3453 960 3515 nihil
977 3460 1099 3532 praeter
1107 3456 1313 3532 negationem,
1318 3471 1442 3532 prorsus
1458 3469 1558 3511 neces·

428 3539 550 3610 sariam,
568 3554 623 3594 nec
640 3555 706 3594 raro
728 3537 936 3617 oblitteratam,
958 3541 1068 3618 accipio
1088 3559 1107 3598 a
1127 3540 1283 3618 duumviris
1303 3535 1494 3612 doctissimis,
1512 3543 1557 3596 ιο-

427 3629 488 3679 tum
505 3640 575 3679 vero
596 3621 639 3678 sic
655 3621 808 3726 legepdum
825 3630 913 3702 atque
934 3611 1191 3728 interpungendum
1210 3645 1275 3686 esse
1297 3629 1382 3702 puto:
1403 3621 1557 3682 -ινοι-

430 3703 491 3785 ζηι.
511 3706 673 3811 γίγνωνται
694 3729 731 3768 ου
724 3700 924 3790 ’παραβοιον
945 3705 1072 3790 ἔχοντμν
1093 3708 1145 3773 nol
1165 3707 1351 3792 ιιινδανοίδη,
1373 3699 1457 3782 τουύ
1470 3703 1530 3768 δὲ
1516 3739 1555 3752 -

429 3792 583 3855 ἐπίνοιαν·
607 3784 834 3890 ἆείμνορστσυδ
857 3793 914 3875 ἔχει
935 3817 992 3876 την
1008 3799 1184 3878 προαίρεσιν
1202 3804 1258 3856 etc.
1300 3795 1345 3856 Ita
1361 3813 1416 3852 vox
1435 3789 1569 3894 ξηιανς)

362 3941 366 3949 ,
428 3896 526 3936 secum
542 3875 629 3934 babet
649 3877 805 3959 genitivum
826 3900 918 3958 suun,
940 3901 995 3943 nee
1013 3881 1126 3960 phrasis
1148 3883 1265 3942 mirifica
1285 3903 1353 3944 τινα
1343 3873 1452 3958 ἔχειν
1466 3872 1556 3958 παρά-

429 3955 573 4042 βαλόντι
590 3960 643 4023 nul
662 3964 851 4041 κινδυνῶδες
869 3964 1029 4040 obtruditur
1049 3965 1189 4069 Polybio,
1217 3968 1272 4028 sed
1293 3965 1424 4026 nimirum
1445 3982 1556 4027 accusa-

429 4047 480 4106 tivi
501 4069 572 4128 ποιρ.
592 4052 625 4105 et
640 4049 720 4110 arud
737 4030 901 4128 relerrmtur
919 4041 961 4112 ad
981 4051 1099 4110 nomina
1127 4044 1241 4132 τόλμαν
1267 4057 1297 4112 et
1319 4049 1475 4124 ἐπίνοιαν,
1495 4067 1555 4126 po-

429 4137 535 4191 strema
556 4151 627 4190 vero
649 4133 696 4192 illa
715 4112 1162 4216 αντιμνηστδυ-προιιιομτυα
1184 4137 1357 4216 peculiarem
1378 4134 1554 4210 sententiam,

429 4216 665 4294 splendidumque
684 4221 772 4282 tutius
789 4222 927 4296 orationis
942 4221 1106 4300 clausulam,
1120 4223 1258 4292 efficiunt
1300 4222 1329 4280 in
1351 4221 1454 4300 quibus
1472 4217 1556 4278 deleri

429 4301 575 4385 glossema
590 4304 720 4380 putidum
739 4304 792 4384 aql
805 4301 925 4384 rotulo,
943 4311 972 4365 et
987 4302 1045 4388 τὴν
1057 4309 1176 4391 ’ρπροαι
1178 4327 1242 4372 εσιν
1262 4308 1435 4386 interpretor
1456 4305 1555 4366 laudm

341 4420 343 4423 -
430 4390 499 4445 recti
522 4388 644 4464 canolii,
678 4392 766 4450 modo
795 4391 907 4464 dicendi
933 4391 1010 4452 haud
1038 4393 1178 4469 obscuro,
1214 4394 1252 4452 de
1279 4408 1336 4470 quo
1358 4393 1505 4458 Scbaeier.
1521 4387 1554 4448 ad

430 4471 520 4550 Sopb.
537 4479 606 4534 tom.
622 4433 652 4538 1.
672 4496 702 4554 p
717 4474 789 4540 244.
807 4481 836 4535 et
846 4476 965 4539 Jacobs
980 4477 1097 4553 Antlrol.
1111 4479 1203 4541 Palat.
1222 4473 1337 4550 tona&
1356 4477 1486 4558 p..973,
1506 4491 1553 4536 nos

429 4558 467 4618 ad
485 4558 593 4634 Odyss.
614 4553 650 4636 ξ,
670 4557 756 4638 404,
777 4559 877 4638 Soplr
890 4560 936 4622 lil.
956 4562 1049 4640 587„
1066 4499 1377 4666 Hermesianactemrll
1399 4565 1449 4628 98.
1457 4558 1554 4642 ,apud
1619 4554 1621 4559 ’

433 4643 535 4702 Athen.
554 4643 628 4702 libro
652 4645 702 4708 18.
776 4707 780 4712 ,

514 4729 586 4807 cap
602 4730 664 4807 1οι
685 4727 756 4810 87.
799 4729 832 4794 0
853 4755 911 4817 γαρ
934 4729 1032 4810 οὕτως
1049 4728 1224 4820 ὁρμώμενος
1231 4729 1389 4804 ου’διποιτ
1410 4732 1554 4819 μακαρίζοι
