3675 5584
870 613 1084 678 -24....
1150 667 1179 720 ,ρ

412 809 501 866 sopor
521 787 644 851 δεῖσθαι
664 788 833 889 στρατηγοῦ
851 781 889 848 roi
910 781 1071 880 πράγματα
1092 781 1144 848 καί
1165 781 1236 860 rode
1256 785 1454 866 περιεστῶτας
1473 807 1543 848 κατ·

412 869 498 953 ρούς.
524 873 635 935 1›Verbe
654 876 819 953 ταυτολογα
841 878 872 931 et
891 871 994 932 nullius
1015 869 1153 950 ponderis
1174 867 1211 933 rol
1233 865 1394 952 πράγματα
1411 903 1454 914 -
1474 893 1545 933 κατ-

414 954 489 1040 ροδς
510 958 534 1015 si
555 958 704 1033 abessent,
728 977 811 1017 nemo
834 959 1007 1034 requireret,
1030 961 1060 1014 et
1081 961 1205 1033 possunt
1225 975 1295 1016 sune
1316 957 1409 1016 videri
1429 956 1506 1016 ellitn
1523 974 1543 1014 α

412 1037 577 1122 glossatore
595 1043 633 1102 ed
653 1042 774 1102 aliorum
790 1041 918 1102 locorum
939 1039 1160 1106 similitudinem.

468 1128 652 1218 ‚Cep.87·,
674 1123 743 1209 Μ.
786 1121 985 1208 δλεγόμενος
1005 1123 1192 1207 λιμόψωρος.
1235 1123 1381 1203 lnterpres
1399 1145 1453 1185 suo
1467 1126 1546 1204 peri·
1660 1159 1661 1162 ¹

417 1213 495 1273 culo:
532 1232 644 1291 „quem
672 1210 827 1291 (morbum)
850 1213 955 1274 Graeci
977 1213 1150 1289 ίίτκυμνοτοπ,
1185 1211 1268 1290 quusi
1289 1210 1369 1270 dices
1395 1211 1546 1272 εεαδίτκετ

396 1299 491 1377 'some
512 1301 612 1372 οίίαπ,
633 1296 814 1359 nominant.“
856 1297 950 1358 Schw.
966 1296 1057 1357 lexico
1079 1295 1192 1373 Polyb.:
1214 1293 1253 1370 „o‘
1273 1290 1459 1375 λεμόψωρος,
1483 1314 1549 1356 sca·
1662 1351 1663 1354 ,

416 1383 479 1444 bies
500 1403 517 1443 e
535 1383 609 1443 fame
630 1389 661 1442 et
680 1384 777 1462 pruris
790 1383 971 1442 nutrimentis
992 1383 1088 1458 ortn,“
1106 1387 1136 1440 et
1156 1381 1284 1442 similiter
1304 1381 1472 1442 Schneider.
1494 1381 1550 1444 lex.
1663 1451 1664 1454 γ

417 1489 478 1546 gr.;
500 1469 554 1528 sed
572 1487 666 1547 neque
686 1469 791 1528 famem
812 1467 1077 1546 Polyb..memoret
1098 1465 1127 1524 in
1149 1467 1242 1526 causis
1263 1465 1347 1543 hujus
1366 1467 1476 1540 morbi,
1496 1486 1550 1526 ne·
1664 1525 1665 1534 ,

416 1549 475 1630 ‘qne
494 1572 559 1612 eum
579 1572 615 1613 ex
631 1553 680 1611 illa
701 1551 830 1612 contrahi
851 1559 969 1612 narrent
988 1551 1164 1611 medicorum
1183 1552 1249 1611 filii:
1276 1552 1373 1629 itaque
1391 1570 1492 1612 vereor
1512 1571 1551 1612 ne
1665 1566 1666 1610 1

419 1637 521 1714 Polyb.
543 1637 648 1698 dixerit
667 1633 880 1719 λοτμδψωρος,
905 1638 1006 1698 scabies
1023 1636 1165 1719 pestifero.
1208 1637 1357 1696 iotacismo
1379 1657 1467 1714 usus,
1503 1637 1553 1716 qni
1666 1675 1667 1678 =

422 1723 560 1799 dictaret,
580 1723 693 1782 videtur
710 1724 741 1784 in
760 1724 888 1785 errorem
907 1722 1053 1784 induxisse
1065 1721 1226 1782 librarium.

507 1808 604 1878 Verba
616 1807 669 1870 καί
689 1802 813 1888 τοιαύτη
829 1809 953 1887 καχεξία
974 1810 1106 1887 suspicor
1123 1807 1269 1885 adscripto
1290 1825 1356 1866 esse
1376 1806 1411 1866 ab
1428 1827 1480 1884 eo,
1502 1807 1552 1885 qni
1668 1877 1669 1880 ρ

421 1892 543 1970 legisset
564 1895 620 1953 istc
640 1895 734 1973 capite
755 1900 895 1972 sequente
915 1887 1134 1974 ἐξεθεράπευσε
1154 1887 1211 1971 τὴν
1231 1893 1385 1970 καχεξίαν,
1412 1911 1553 1970 ·quaeque

421 1978 477 2038 illis
497 1980 627 2056 subjectu
647 1985 723 2052 sunt,
741 1977 794 2040 καί
814 1974 872 2058 τὴν
892 1973 1015 2057 ψώραν,
1057 1998 1094 2037 on
1109 1977 1379 2052 dubitouttribuere
1393 1977 1555 2053 glossatori.

509 2065 582 2142 Cap.
602 2066 670 2141 98„
690 2063 719 2146 b·
740 2065 774 2127 3.
817 2061 1017 2146 συλλογισμόν
1036 1999 1188 2143 λβηρικδν
1209 2061 1277 2125 καί
1298 2064 1371 2146 βαρ
1379 2058 1553 2143 βαρτκδν.

424 2150 583 2228 glossema:
600 2168 713 2226 -neque
734 2150 809 2208 enim
829 2149 950 2209 eandem
971 2168 1032 2208 rem
1053 2149 1135 2208 simul
1156 2149 1307 2227 speciatim
1330 2155 1358 2208 et
1382 2148 1555 2226 generaliter

423 2235 526 2295 dixerit
545 2233 672 2312 scriptor
692 2233 1006 2316 intelligens·‚‚neque‚
1034 2233 1172 2294 barbaros
1194 2253 1260 2294 esse
1279 2233 1446 2315 Hispanos,
1473 2234 1556 2312 igno·

303 2386 307 2392 ἱ
423 2320 528 2380 rabant
547 2320 672 2378 lectores
691 2318 815 2396 Polybii.
859 2319 1060 2380 euronotus
1078 2320 1115 2378 ed
1134 2320 1170 2393 3,
1194 2318 1224 2384 5.

510 2396 584 2482 Ωδμ.
605 2405 692 2477 100.,
714 2399 742 2485 §.
764 2406 795 2468 8.
838 2399 939 2486 χώρας
959 2397 1106 2482 εὖεφὸδου
1125 2401 1178 2466 καί
1198 2398 1353 2476 πεδιάδος.
1374 2432 1377 2438 ·
1397 2403 1488 2463 Etiam
1509 2401 1557 2464 hic

425 2487 537 2548 focinus
565 2488 781 2566 deprehendere
802 2488 869 2546 mihi
888 2489 1204 2569 videorexplicutoris,
1241 2491 1289 2567 qui
1311 2506 1411 2548 recens
1433 2489 1558 2549 sueritn

425 2573 549 2633 lectione
569 2573 687 2643 aliorum
709 2571 792 2649 hujus
813 2570 951 2632 historiae
971 2572 1119 2650 locorum,
1148 2575 1177 2632 in
1199 2576 1302 2653 quibus
1315 2580 1557 2634 commemoratur

427 2651 652 2807 xoipo4rredple,
676 2677 751 2735 quae
770 2657 871 2717 eadem
891 2676 969 2728 nunc·
984 2664 1103 2721 vocetur
1125 2653 1287 2737 εντ’έφοδοςε
1313 2679 1341 2718 v.
1365 2660 1404 2737 2,
1427 2662 1485 2738 16,
1507 2654 1555 2732 7.;

515 2829 586 2907 Cap.
611 2829 700 2902 117..
730 2824 758 2910 §.
776 2829 808 2892 3·
851 2826 885 2891 ἐκ
905 2823 938 2890 δὲ
959 2829 1020 2888 τοῖν
1041 2830 1139 2902 πεζοῖν
1162 2826 1323 2910 μαχόμενοι
1343 2825 1399 2910 μὲν
1420 2824 1555 2892 ἑάλωσαν

433 2915 477 2988 εἰς
505 2916 658 2995 μυρίους’.
691 2911 723 2974 ολ
748 2907 775 2974 δ’
802 2909 885 2986 herde
912 2908 1000 2984 ὄντες
1028 2917 1082 2992 τῆς
1111 2908 1218 2994 pulme-
1260 2915 1433 2976 Dormituvit
1452 2913 1554 2990 stow.

430 3020 493 3058 cum
515 3001 586 3060 hoec
610 2998 741 3076 scripsit:
776 3000 899 3075 „Verba
922 2997 962 3060 ol
988 2998 1016 3060 δ’
1046 2995 1154 3074 ἒκτδς
1180 2995 1294 3074 ὅντες
1320 3005 1388 3080 τῆς
1415 2993 1556 3085 palm

431 3103 504 3160 quae
524 3082 639 3162 quidem
653 3093 814 3159 agnoscunt
829 3085 893 3144 libri
912 3083 1004 3144 nostri
1024 3087 1134 3161 omnes,
1154 3104 1172 3144 u
1185 3085 1300 3144 librario
1315 3087 1411 3164 aliquo
1426 3105 1460 3146 ex
1473 3105 1559 3146 versu

306 3167 313 3180 '
431 3172 461 3230 7.
483 3170 537 3235 hnc
559 3171 661 3230 udsntu
683 3169 848 3247 insertaque
871 3169 961 3228 videri
980 3176 1113 3246 possunt.
1156 3170 1288 3250 Pugnare
1306 3191 1375 3230 sune
1395 3171 1466 3232 haec
1485 3174 1561 3233 inter

431 3273 465 3315 se
487 3255 632 3330 videntur,
654 3247 949 3336 poxdpevocplv
972 3249 1126 3328 ἑάλωσαν,
1146 3257 1198 3315 sed
1220 3250 1302 3330 leche
1323 3252 1407 3329 ὄντες
1426 3263 1481 3336 τῆς
1502 3250 1561 3337 pol·

430 3363 495 3421 lle*-
539 3340 654 3418 Nempe
675 3346 829 3417 pugnantes
853 3340 969 3417 quidem
997 3340 1073 3418 capti
1101 3348 1183 3416 sunt,
1221 3341 1275 3402 sed
1295 3346 1329 3402 in
1349 3346 1445 3401 contris
1466 3362 1561 3420 oppn·

431 3425 529 3504 gnoti,
549 3443 608 3484 nou
628 3427 658 3484 ίκ
675 3425 775 3502 proelio
795 3423 938 3487 stantes.“
980 3423 1040 3483 lmo
1061 3423 1135 3486 bene
1155 3427 1262 3486 habent
1286 3427 1398 3504 omnio,
1418 3427 1561 3504 siquidem

430 3512 519 3571 verbe
540 3507 573 3572 ol
583 3543 627 3554 -
640 3507 738 3590 μάχης
758 3510 813 3570 hoc
833 3515 951 3570 sonunt:
972 3511 1025 3570 olii
1042 3530 1104 3571 uero
1122 3519 1202 3573 estro
1218 3529 1338 3590 pugnum
1360 3510 1450 3592 (capti
1468 3511 1561 3592 sunt),

432 3597 546 3655 minime
563 3595 686 3655 obscuro
708 3617 761 3655 nsu
779 3595 906 3668 articuli3
942 3615 1035 3673 neque
1054 3597 1183 3658 insolens
1203 3606 1249 3658 est
1269 3597 1302 3660 ol
1321 3593 1370 3674 δὲ,
1402 3617 1461 3658 non
1480 3605 1562 3658 ente-

434 3680 610 3756 cedenteol
628 3679 698 3760 μίνε
728 3700 754 3740 v.
772 3680 876 3744 Matth.
899 3701 944 3758 gr.
965 3675 991 3760 ᾗ.
1015 3683 1094 3757 288,
1123 3686 1160 3760 2,
1182 3685 1219 3760 d,
1240 3685 1268 3747 1.
1290 3685 1336 3743 ed.
1358 3703 1442 3761 quem
1462 3685 1501 3742 ud
1518 3683 1564 3742 ln·

434 3767 505 3825 ciem
524 3773 553 3824 et
572 3765 632 3843 ills,
653 3785 727 3844 quse
745 3768 815 3826 dicit
835 3766 879 3824 vir
899 3766 1036 3844 optimus,
1057 3764 1085 3849 ξ.
1104 3771 1147 3844 7.,
1170 3768 1202 3832 ολ
1221 3765 1255 3831 δὲ
1276 3768 1480 3851 ζωγρηθέντες
1500 3771 1563 3830 τῶν

310 3894 313 3899 -
431 3849 584 3929 Ῥωμαίων
607 3847 694 3924 herde
716 3848 853 3932 ἐγένοντο
874 3855 930 3914 τοῦ
951 3845 1111 3927 κινδύνου,
1143 3855 1184 3914 sic
1205 3856 1345 3915 vertendo
1365 3859 1445 3912 sunt:
1482 3851 1563 3914 Nou·

434 3936 506 3996 oulh'
524 3955 588 3996 κατ’
601 3935 780 3997 Romanorum
796 3936 898 4015 proelio
917 3958 968 3998 noo
989 3937 1182 4017 iuterfuerunt,
1204 3925 1301 4020 ηαιῖτμι
1320 3942 1395 4016 copti
1414 3943 1470 3998 etc.

522 4021 593 4101 Cap'.
615 4025 705 4110 118..
738 4020 767 4105 §-
788 4021 819 4083 4.
860 4018 992 4106 μεγάλας
1014 4015 1040 4085 δ
1060 4017 1140 4102 ελγον
1165 4023 1287 4097 ἐλπίδας
1307 4021 1338 4097 ἐξ
1366 4018 1482 4102 ἐφόδου
1510 4021 1564 4088 καλ

435 4110 490 4186 τῆς
507 4101 621 4187 Ῥώμης
645 4100 743 4186 αὐτῆς
768 4105 892 4171 ἔσεσθαι
917 4102 1030 4191 κύριοι.
1073 4110 1167 4172 Schw.
1194 4110 1319 4170 scholio:
1356 4149 1376 4182 ,,
1384 4103 1514 4190 μεγάλας
1538 4101 1565 4172 δ’

438 4187 554 4253 odrol
575 4187 656 4271 εἶχον
676 4192 806 4270 mulim,“
828 4214 891 4264 cnm
912 4189 1024 4268 udrode
1045 4195 1220 4275 intelligeret
1241 4193 1503 4272 Carthaginienses.
1526 4193 1566 4254 nt

436 4295 505 4336 vero
525 4278 555 4336 id
574 4278 666 4340 noluit
686 4278 805 4355 Polyb„
830 4279 883 4339 sed
904 4280 992 4340 ltelos
1013 4299 1095 4359 spem
1117 4282 1283 4360 concepisse
1304 4281 1391 4359 dicit,
1422 4283 1502 4356 fore,
1533 4282 1566 4337 ut

375 4386 409 4413 s
436 4363 531 4438 Rome
551 4364 615 4442 ipsu
634 4365 814 4444 potirentur,
840 4365 960 4426 ducibus
984 4367 1091 4426 scilicet
1113 4365 1415 4448 Cprthuginiensibus‚
1443 4381 1564 4442 quorum

383 4467 387 4472 ’
438 4467 496 4508 non
517 4449 689 4556 minorejlli
708 4450 775 4511 odio
795 4433 941 4548 hpebsnt
955 4447 1120 4544 Romanos,
1138 4471 1232 4531 neque
1249 4453 1280 4512 id
1301 4451 1409 4531 injurie.

874 4677 1106 4698 00--1-—2—-1-4
