3675 5584
756 692 1094 757 -43-·

290 913 294 918 -
379 873 453 952 Cap.
475 873 552 947 12.‚·
572 867 601 952 δ.
619 870 651 932 3.
694 863 773 946 ande
790 863 826 929 δὲ
845 871 911 941 τοῖς
929 863 1158 948 προειρημένοις
1180 855 1265 928 οὗτοι
1285 855 1327 924 roi
1343 885 1430 926 κατε-

282 961 438 1045 πείγοντα
459 961 522 1037 τρῖν
542 954 728 1034 διαβοολίαν
749 947 966 1027 οίναδιδόασιν,
1000 945 1085 1014 edroi
1105 947 1159 1014 τδν
1181 944 1254 1014 ὅλον
1275 945 1431 1032 χειρισρδν

293 1051 357 1109 ταῖν
379 1026 538 1127 ooypdwb
566 1036 744 1104 ἐπιτελοῦσι.
789 1039 930 1100 Θεισοαίας
964 1029 1050 1100 οὗτοι
1076 1023 1269 1113 adnutat.
1298 1055 1365 1099 ann.
1393 1035 1431 1094 ad

323 1177 357 1288 ⁹,
380 1207 668 1304 σερ.13.,ρ.θνῆ
687 1214 829 1290 πολεμεῖν
850 1205 1095 1290 ἐπαγγέλλουσαν.
1116 1205 1430 1276 Ρεοδαλιῖλῖιετῖῖεὶελ.ε

295 1290 530 1384 ἒιῖιιγγελοιῖσαν,
550 1289 815 1372 αι’διαῖιῖσοασαν,
835 1291 1115 1374 παρακαλέσουσιν,
1137 1291 1348 1372 ἐπιτάξοοσαυ,
1369 1318 1433 1355 πα-

296 1383 652 1467 ραληψομίνηυειυερυε
673 1383 750 1441 enim
767 1395 854 1440 causa
875 1386 939 1456 est,
960 1397 1009 1438 cur
1030 1379 1075 1436 hic
1090 1379 1292 1520 pantummodo
1313 1398 1434 1458 usuque·

284 1479 343 1556 =tur
363 1490 501 1551 praesens
523 1469 553 1526 in
574 1488 607 1526 re
627 1486 685 1545 ερα
702 1462 866 1546 praesenti,
885 1466 940 1524 sed
962 1465 1069 1543 pariter
1103 1470 1217 1547 utura„
1231 1465 1305 1522 sicut
1327 1472 1434 1541 cetera,

291 1556 370 1632 ‘quae
387 1558 468 1621 dicit.
511 1573 599 1633 saepe
619 1558 715 1612 autem
736 1554 778 1611 sic
797 1557 895 1611 errant
911 1550 1034 1624 librarii,
1068 1553 1100 1606 ut
1119 1548 1165 1607 vel
1186 1549 1291 1608 iterent
1311 1551 1435 1610 litteram
1519 1611 1551 1630 ρ,

252 1713 257 1722 ,
296 1643 384 1704 εειαεΙ
405 1643 558 1720 scriptam,
578 1639 623 1697 vel
642 1639 687 1696 bis
709 1639 859 1697 ducturum
879 1635 998 1702 alteram
1020 1635 1161 1700 om'ttact.

249 1744 259 1780 t
377 1719 596 1806 'Cap-190&
620 1727 649 1786 1.
693 1718 866 1804 χιλιάρχους
883 1723 1064 1796 καθιστᾶσι,
1090 1719 1356 1799 τεσσαρεσκαίδεκα
1377 1717 1434 1800 μὲν

229 1816 275 1882 axis
297 1819 355 1877 etc.
397 1812 480 1872 Haud
505 1809 582 1870 male
608 1809 753 1886 Hervag.,
788 1808 944 1887 Oporin.,·
963 1806 1122 1880 Patricius,
1157 1805 1284 1877 Reislreo
1313 1807 1436 1886 ipsaque

296 1898 390 1958 Scbw.
406 1895 609 1976 probantibus:
637 1893 783 1976 τέσσαρας
803 1893 856 1955 καί
877 1890 967 1955 δίκαι
995 1911 1052 1950 nec
1072 1896 1168 1950 tamen
1186 1891 1275 1970 nolim
1293 1903 1435 1974 ’τεσσαρα-

294 1985 429 2060 καίδεκα,
449 1982 514 2043 cum
530 1983 701 2059 praesertim
721 2006 741 2041 α
762 1985 798 2040 et
813 2002 844 2052 ες
863 1982 1060 2056 permutentur
1080 1994 1283 2060 nonnunquam
1303 1978 1332 2036 in
1354 1979 1437 2036 codi-

296 2070 398 2144 cibus,
418 2069 498 2135 velut
515 2067 594 2144 apud
614 2065 791 2126 Athenaeum
813 2065 894 2139 392,
917 2063 939 2122 f.
962 2081 1025 2124 cum
1048 2059 1120 2120 haec
1140 2061 1288 2140 legantur:
1320 2063 1437 2143 Πρατί-

247 2144 251 2150 ’
296 2168 355 2226 νας
378 2151 411 2219 bd
431 2187 475 2197 -
494 2145 716 2225 οῖδιῖφοινον
738 2146 824 2224 ἰδίας
846 2153 934 2211 καλεῖ
950 2141 1154 2227 τδνῖρτυγα,
1189 2143 1271 2227 πλήν
1294 2140 1385 2228 cipri
1407 2171 1436 2210 τι

297 2235 381 2318 παροδ
402 2244 465 2310 τοῖς
489 2239 645 2310 Φλιασίοις
665 2231 687 2317 ἢ
705 2243 770 2310 τοῖς
791 2234 921 2298 Λάκωσι
943 2228 1130 2311 oostensa,
1152 2233 1245 2310 quivis
1265 2224 1361 2296 videat
1381 2255 1438 2312 po·

296 2325 424 2384 nendum
444 2322 555 2384 essert
574 2322 629 2403 μιν
648 2346 696 2396 τι,
728 2324 782 2383 sed
804 2339 898 2398 aeque
919 2324 1030 2378 certum
1049 2317 1192 2395 arbitror,
1222 2320 1452 2396 grammaticum,

296 2410 416 2475 dedisse
437 2402 611 2484 φωνάεντα.
899 2406 911 2432 “
1004 2471 1007 2478 ,

383 2495 510 2572 Ibidem,
568 2496 624 2557 .2.
667 2495 730 2554 τοῖν
756 2489 873 2553 λοιπαῖυ
893 2485 966 2564 τοῖς
986 2485 1043 2569 μὲν
1064 2487 1167 2562 ἱππεῖς
1187 2485 1275 2564 δέκα,
1312 2485 1384 2563 τοῖς
1404 2485 1438 2552 δὲ

298 2576 410 2653 πεζοῖς
439 2579 479 2654 ἕξ.
523 2602 561 2642 ου
591 2580 641 2640 δεῖ
668 2596 702 2639 σε
758 2577 822 2650 είας
849 2579 945 2638 τελεῖν
965 2567 1028 2636 κατ’
1051 2568 1207 2656 εῖνιῖγκην.’
1245 2575 1294 2634 Sic
1313 2572 1385 2640 Mss.
1408 2583 1438 2634 et

298 2667 413 2745 priscae
435 2665 503 2724 edd.
517 2670 632 2742 praeter
652 2663 707 2722 cod
729 2670 737 2726 .'
752 2653 858 2725 Medic.
873 2667 903 2723 ει
917 2680 936 2719 a
948 2659 1109 2720 recentiore
1128 2679 1213 2718 manu
1229 2657 1437 2737 Atrgustanum,

299 2761 360 2826 tum
382 2751 536 2810 editionem
555 2749 705 2830 Herrag.,
720 2749 750 2805 in
771 2749 875 2825 quibus
891 2745 1015 2807 babetur
1036 2740 1091 2818 οδς
1108 2765 1162 2826 pro
1180 2739 1229 2807 οὔ.
1250 2744 1356 2823 Scbw,
1378 2765 1440 2804 ma-

343 2855 432 2914 opere
453 2840 573 2912 questus
602 2835 639 2892 de
666 2833 794 2892 tenebris
819 2833 921 2892 borum
944 2831 1115 2907 verborum,
1152 2851 1224 2908 quas
1244 2831 1294 2888 rix
1314 2851 1439 2909 unquam

298 2857 460 3000 dispulsum
481 2921 516 2978 iri
537 2919 706 2995 verebatur,
726 2920 843 2981 tandem
863 2919 892 2978 in
914 2938 951 2978 eo
970 2917 1122 2995 acquievit,
1144 2921 1192 2994 ut,
1214 2916 1359 2975 immutata
1376 2917 1442 2996 plu„

299 3008 372 3074 rium
394 3007 523 3066 codicum
540 3005 699 3083 scriptura,
730 3005 802 3063 satis
823 3004 943 3064 baberet
963 3005 1051 3062 edere
1072 3025 1109 3064 ου
1131 3002 1177 3069 dir
1198 3001 1312 3067 omissis
1333 3002 1442 3082 spiriti-

298 3092 374 3170 bus,
403 3113 461 3169 quo
482 3091 601 3149 liberior
622 3096 703 3149 esset
724 3109 843 3169 campus
863 3089 1053 3166 coniectandi.
1093 3099 1198 3165 quern,
1231 3087 1363 3146 refutatis
1385 3089 1444 3146 Pae

300 3177 395 3251 tricii,
413 3175 573 3254 Leopardi,
594 3174 698 3254 Lipsii,
720 3175 885 3234 casauboni
908 3179 943 3233 et
960 3174 1021 3232 Jac.
1043 3173 1185 3235 Gronovii
1205 3173 1441 3245 correctionibus,

301 3263 365 3340 ipse
387 3263 534 3337 ingressus
557 3281 684 3339 campum
706 3261 823 3320 mirifica
841 3259 912 3320 baec
935 3259 1122 3336 excogitavit:
1143 3293 1187 3302 -
1204 3255 1325 3343 πεζοιῖρ,
1348 3258 1379 3335 ἐξ
1403 3250 1442 3320 οὗ
1467 3314 1468 3317 ,

234 3349 265 3427 ’,
302 3347 346 3418 είς
366 3343 424 3426 τήν
445 3340 663 3427 στρατεύσιμον
682 3343 804 3425 ἡλικίαν
825 3343 887 3425 (vel
900 3345 944 3419 εἰς
964 3340 1000 3412 ,cd
1021 3343 1274 3417 ἑπτακαιδέκατον
1296 3331 1353 3422 cde
1374 3341 1443 3425 vilse.

302 3434 372 3506 κίας
393 3430 472 3510 ἔτος)
493 3422 588 3510 ἧκον,
624 3431 720 3494 είκοσι
741 3432 790 3494 δεῖ
806 3431 961 3510 στρατείας
981 3433 1087 3494 τελεῖν.
1131 3431 1251 3508 Adeone
1275 3431 1441 3490 hallucinari
1526 3469 1530 3480 .

302 3519 393 3576 virum
413 3517 657 3581 eruditissimum?
690 3518 879 3596 Quanquam,
899 3517 978 3594 quod
998 3517 1096 3596 posuit
1117 3514 1228 3593 είκοσι,
1247 3514 1340 3596 Lipsii
1362 3535 1443 3582 come

304 3607 431 3660 mentum
450 3603 528 3661 istud
549 3612 613 3679 est,
648 3604 728 3681 quod
748 3608 844 3662 tamen
868 3602 960 3662 refelli
976 3601 1071 3661 verbis
1088 3603 1208 3680 proximi
1230 3602 1370 3680 segmenti
1389 3596 1444 3664 ἐὰν

306 3686 340 3748 δέ
361 3709 434 3748 ποτε
454 3686 673 3772 κατεπείγρτδ
694 3691 749 3768 τῆς
769 3680 1162 3768 περισιδσεοις,’δφείλουσι
1182 3682 1234 3748 καλ
1254 3691 1330 3773 πεζῇ
1354 3705 1444 3766 στρα-

188 3808 192 3821 .
236 3825 242 3833 .
304 3767 405 3834 τειίειν
429 3771 529 3842 elaeon
545 3775 699 3851 στρατείας
720 3773 910 3851 ἐνιαυσίους,
944 3774 999 3834 nisi
1021 3773 1085 3851 quis
1107 3771 1146 3832 ibi
1170 3773 1295 3849 scribat,
1324 3779 1445 3836 auctore

306 3859 392 3934 Cas,
416 3858 513 3920 είκοσι
532 3855 620 3920 πέντε
641 3860 797 3920 secundum
815 3860 946 3921 Serrium
966 3861 1003 3918 ad
1023 3859 1103 3935 Virg.
1121 3855 1194 3917 Aen.
1214 3861 1253 3935 2,
1276 3859 1360 3934 157,
1380 3859 1446 3938 ipse

304 3944 444 4004 intellexit
462 3943 573 4019 schoa,
591 3943 642 4021 qui
659 3950 767 4022 quanto
790 3944 907 4004 fecisset
928 3946 1053 4021 rectius,
1075 3943 1100 4004 si
1121 3944 1306 4021 expendisset
1324 3943 1445 4002 alteram

306 4029 472 4088 casauboni
484 4025 690 4106 {conjecturam
709 4025 781 4104 τοδς
802 4027 837 4092 δὲ
855 4024 965 4105 πεζοῖς
987 4025 1091 4104 δεκαδξ
1113 4029 1162 4090 δεῖ
1181 4046 1277 4110 στρατ.
1301 4053 1326 4090 τ.
1348 4053 1375 4091 ιι.
1398 4023 1445 4092 ob!

305 4115 350 4172 cui
366 4118 547 4193 conjecturae
564 4117 689 4181 tuendae
709 4115 775 4193 ille,
793 4115 911 4175 laudato
931 4113 1035 4176 Tacito
1057 4115 1131 4174 nnn.
1151 4115 1188 4190 1,
1210 4117 1280 4192 17.,
1301 4114 1348 4177 ubi
1369 4115 1446 4174 mili·
1547 4125 1549 4136 ¹

305 4206 349 4258 tes
371 4199 455 4264 Rom.
477 4221 530 4279 per
552 4203 723 4261 seditionem
743 4199 907 4278 postulasse
928 4202 1016 4276 dicit,
1050 4203 1191 4260 attextus
1208 4200 1323 4261 δεεῖιιιαε
1343 4205 1445 4281 strper-

305 4286 411 4344 dr'orum
431 4306 516 4345 οιαιαι
530 4289 614 4365 finem
636 4287 750 4346 militine
770 4286 896 4364 afferret:
917 4287 1005 4364 „Etsi
1027 4287 1136 4362 enim,“
1157 4285 1259 4366 inquit,
1279 4306 1361 4364 „non
1375 4287 1447 4346 dicit
1502 4329 1510 4348 ,
1549 4303 1552 4308 ’

306 4371 446 4446 Tacitus,
478 4392 541 4431 eum
563 4373 706 4451 qnondam
727 4372 954 4441 suissemodum
972 4372 1127 4449 legitimum
1148 4373 1370 4452 stipendiorum,
1398 4377 1460 4430 εει,

301 4462 401 4514 tamen
421 4457 589 4534 verisimile,
619 4465 746 4530 veterem
767 4459 860 4534 legem
881 4459 1045 4536 reposuisse
1067 4457 1158 4534 istos,
1194 4464 1224 4518 et
1242 4458 1314 4536 juris
1334 4458 1448 4534 andqut

307 4546 338 4600 et
363 4541 487 4601 obsoleti
505 4544 671 4604 mantellum
695 4561 764 4606 suae
789 4544 925 4623 seditioni
946 4542 1172 4622 praetexuisse.“
1216 4544 1295 4613 Quid
1313 4543 1352 4608 ad
1374 4541 1446 4601 haec

305 4633 364 4686 tam
384 4627 546 4706 probabilia
563 4628 679 4704 Senot
695 4630 809 4708 Nempe
830 4630 1002 4708 respondet,
1024 4627 1049 4688 si
1066 4634 1194 4697 veterem
1209 4628 1333 4706 aliquam
1351 4628 1446 4704 legem

306 4713 419 4771 restitui
433 4713 591 4790 jussissent
605 4714 722 4792 milites,
739 4716 836 4794 potius
853 4715 1040 4792 repetendam
1053 4713 1141 4774 fuisse
1157 4716 1244 4774 latam
1261 4713 1298 4773 ab
1314 4715 1446 4790 Augusto

306 4805 336 4857 et
354 4800 514 4896 posteriore
536 4820 616 4862 aevo.
630 4808 830 4862 conservatam
850 4801 944 4880 illam,
973 4819 1029 4884 qua
1044 4800 1242 4881 praetorianis
1262 4802 1319 4878 16,
1341 4799 1446 4882 ceteris
