3675 5584
863 683 1108 751 ...54-

439 884 530 933 στατα
548 883 614 926 cum
634 859 663 945 5
680 861 712 926 8.
728 861 811 939 hujus
832 860 955 940 capitis,
988 857 1036 918 nbi
1053 860 1111 936 jam
1133 857 1260 918 narravit
1279 857 1418 938 scriptor,
1438 855 1573 918 Belidem

405 1022 409 1026 Α
440 953 610 1016 convenisse
627 947 804 1025 Cambylum.

525 1037 598 1117 Cap.
621 1037 688 1106 22.,
708 1028 735 1112 §·
757 1035 787 1096 6.
833 1063 870 1074 -
889 1025 945 1092 cdv
965 1021 992 1091 δ’
1008 1021 1129 1110 §exorto
1151 1020 1241 1103 αιίιός
1262 1025 1395 1103 o‘Boiirg
1413 1027 1488 1110 6μοῦ
1506 1033 1574 1102 τοῖς

441 1123 588 1203 ἱματίοις,
609 1119 697 1183 ἔνδον
715 1113 768 1191 τοὶς
788 1121 888 1199 χεῖρας
907 1113 1020 1194 ἔχοντα,
1043 1109 1226 1194 συνήρπασε,
1248 1113 1411 1194 φοβηθείς,
1434 1111 1477 1196 μή
1497 1133 1572 1176 συν-

492 1203 501 1228 Ι

441 1233 478 1272 νο
504 1224 558 1283 σας
578 1201 612 1269 cri
634 1197 815 1286 γιγνόμενον
836 1197 1009 1281 ἐπιβάλοιτο
1031 1201 1224 1282 διαφᾶίρειν
1248 1197 1342 1262 αὖτόν
1360 1200 1433 1280 (non
1456 1195 1571 1278 αιίτόν).

442 1233 567 1354 δοίοοσε
594 1297 624 1350 et
649 1289 748 1368 putide
774 1289 932 1365 interpres:
965 1291 997 1345 ot
1017 1287 1157 1346 ‘Achaeum
1178 1285 1254 1345 Bolis
1280 1289 1336 1366 ι’ριε
1361 1289 1489 1366 corripuit
1512 1307 1573 1346 crem
1671 1313 1672 1320 ³

441 1381 576 1455 oedibus,
597 1379 671 1435 intro
692 1393 760 1452 poor
780 1391 877 1431 moror
897 1371 1020 1447 habebat,
1043 1372 1124 1448 qnasi
1146 1380 1196 1429 ant
1216 1371 1358 1431 diceretur
1374 1391 1479 1448 graece
1494 1369 1574 1451 6μοῦ

444 1465 573 1545 ἱματίοις
592 1481 646 1540 pro
669 1455 727 1522 οὐν
748 1457 807 1539 ipa,
842 1463 892 1515 aut
911 1457 973 1515 sine
999 1455 1126 1515 vestibus
1147 1455 1250 1536 ¹corripi
1272 1450 1574 1536 Achaeus'potuisset.

442 1550 512 1611 Non
532 1548 605 1606 vidit
624 1546 667 1603 vir
688 1545 798 1619 bonus,
834 1534 914 1621 ὅμου
932 1543 1075 1620 pertinere
1096 1543 1133 1601 ad
1156 1535 1344 1622 συνήρπασε,
1382 1548 1411 1601 et
1433 1541 1574 1604 Achaeum

443 1635 573 1692 vestibus
591 1631 762 1710 prehensum
779 1629 834 1686 diei
854 1627 985 1686 aBnlide
1005 1633 1162 1705 metuente,
1182 1648 1218 1688 ne
1240 1625 1323 1688 alium
1345 1627 1393 1688 ille
1412 1629 1576 1704 segniorem

445 1718 625 1797 praeveniret
642 1735 742 1777 manus
763 1714 817 1772 sibi
838 1711 999 1778 afferendo.
1317 1705 1321 1713 “

532 1802 656 1862 ibidem:
692 1799 743 1863 καί
767 1795 825 1882 peip
854 1792 913 1878 εἶχε
939 1792 1090 1879 μάχαιραν
1111 1791 1166 1876 ὑφ’
1186 1795 1269 1884 stirpi
1289 1793 1575 1880 παρεσκευασμένος.

445 1888 554 1948 δοίητε
575 1887 672 1965 „Mire
685 1888 791 1948 dictum
805 1881 862 1964 ὑφ’
884 1880 968 1968 αιίτρῑ
988 1903 1050 1962 μου,
1062 1877 1116 1961 ὕφ’
1142 1881 1258 1968 ίματίῳ,
1280 1883 1316 1962 (!)
1335 1883 1363 1942 ni
1384 1903 1419 1942 ex
1438 1883 1493 1942 hoc
1512 1885 1575 1964 ipso

446 1971 642 2052 corruptum.“
684 1973 773 2049 Quis,
794 1989 914 2048 quaeso,
936 1969 965 2028 id
987 1967 1049 2029 heri
1069 1968 1199 2048 potuisse
1220 1969 1274 2027 sibi
1295 1967 1490 2048 persuadeat?
1511 1969 1576 2029 Nec

445 2057 634 2138 probabiliter
651 2054 768 2120 Reislr.:
798 2048 847 2134 ἐφ’
864 2050 975 2130 odedu,
998 2061 1091 2115 corbo
1111 2061 1205 2130 sonet,
1225 2057 1255 2114 ιἰι
1275 2074 1353 2115 ruera
1374 2057 1459 2135 ι’μτίνε
1479 2073 1576 2112 oecon.

446 2142 614 2202 Ponendum
633 2143 696 2200 sine
717 2140 804 2199 dnbio
827 2145 873 2198 est
898 2133 946 2217 ἐφ’
967 2133 1078 2216 αὑτοῦ,
1106 2143 1253 2218 privatior,
1286 2140 1362 2200 είοοι.
1404 2139 1432 2198 Τ
1434 2139 1577 2218 palaticius

448 2248 528 2289 error
549 2224 600 2290 irri
622 2222 653 2285 'et
672 2221 750 2303 cirri,
770 2226 838 2285 item
860 2247 897 2287 ου
919 2229 950 2283 et
974 2247 1015 2299 or,
1037 2225 1273 2304 permiscentium.

532 2312 606 2391 Cap.
628 2312 711 2388 23.,·
732 2310 761 2394 5.
781 2307 811 2373 4.
855 2306 1031 2388 Πνομίνων
1052 2305 1086 2371 δὲ
1107 2305 1239 2387 τούτων,
1261 2307 1326 2374 ’καί
1346 2313 1403 2390 τῆς
1421 2303 1580 2391 δυνάμεως

447 2390 631 2492 ἐπιμνοίσρς
651 2393 686 2460 rei
708 2389 905 2477 συμβεβηκός,
925 2391 1062 2470 τοιὸὕτος
1081 2392 1301 2476 ἐνθουσιασμὸς
1316 2393 1437 2478 ἐγένετο
1455 2395 1507 2458 καί
1523 2420 1581 2458 πα·

448 2476 590 2592 ρίστασις
611 2485 670 2586 τοῦ
695 2479 896 2564 στρατοπέδου
917 2479 1057 2586 orirerur,
1095 2478 1169 2545 ὅστε
1198 2479 1254 2567 τήν
1279 2481 1439 2588 Λαοδίκην
1466 2482 1499 2544 ἐκ
1525 2487 1582 2590 arip

447 2591 574 2736 illle.
597 2563 1583 2734 tlt.llilwldlliiilllltll?tntilli?lt

448 2740 520 2800 haec
540 2739 647 2818 scripta
664 2759 721 2798 non
742 2739 849 2798 habent
873 2739 1081 2811 offensionem
1116 2741 1145 2798 in
1167 2739 1268 2816 quibus
1290 2739 1353 2818 ipse
1374 2739 1442 2800 dedi
1461 2733 1582 2811 πάντας

448 2845 503 2905 pro
523 2821 638 2899 παντιίς
658 2823 774 2883 εοίοεοο
791 2823 866 2902 apud
888 2823 1001 2882 Atticos
1022 2821 1063 2902 (v.
1085 2843 1149 2884 ann.
1169 2826 1205 2882 ad
1229 2825 1336 2900 odyss:
1359 2819 1397 2905 p',
1418 2825 1486 2900 10.,
1505 2824 1581 2884 Bor-

449 2929 580 2969 nemanm
597 2911 634 2968 ed
648 2908 782 2988 Xenoph.
795 2907 887 2966 Anab-
902 2911 935 2984 7,
956 2911 990 2984 7,
1009 2908 1073 2984 43,
1093 2909 1240 2968 Schaefer.
1255 2909 1351 2968 Melet.
1367 2910 1429 2972 crit.
1444 2929 1506 2988 pag.
1521 2908 1576 2984 8.),
1677 2925 1678 2928 ’

412 3034 418 3055 ι
451 2995 581 3072 Scaliger
601 3000 696 3054 autem
713 2992 875 3053 emendavit
892 2991 1009 3070 vulgata
1030 2998 1085 3072 τῆς
1106 2995 1265 3073 Λαοδίκης
1279 2995 1511 3068 *ceresiolae
1532 2993 1578 3049 cui

450 3079 599 3139 oblocutus
621 3080 716 3138 editor
730 3079 984 3156 Argentoratensis
1003 3081 1119 3140 verbum
1140 3075 1350 3165 τεκμήρασθαι
1369 3081 1478 3140 ridetur
1497 3096 1582 3136 acee-

450 3166 528 3243 pisse
548 3183 634 3224 sensu
655 3162 777 3242 passivi,
804 3183 863 3240 quo
882 3183 971 3222 sensu
988 3163 1152 3226 inusitatum
1174 3172 1227 3230 est.
1270 3165 1349 3224 ldem
1370 3172 1477 3226 temere
1495 3163 1584 3221 deleri

422 3302 424 3305 .
447 3251 535 3327 jussit
553 3249 693 3327 virgulam
714 3250 894 3308 intersertam
914 3267 933 3308 a
954 3249 1128 3308 Casanbono
1147 3256 1214 3328 post
1237 3247 1344 3332 ι’ίκρας,
1367 3252 1448 3329 qnasi
1467 3249 1523 3308 hoc
1539 3247 1585 3305 di-

451 3341 498 3393 eat
519 3333 597 3406 Pol,
619 3353 653 3392 ea·
673 3337 746 3392 omni
762 3343 825 3392 orde
843 3334 927 3392 colom
948 3332 1085 3394 Laodicea
1108 3339 1244 3412 cognitum
1264 3337 1385 3396 habuisse
1403 3337 1506 3393 ατίίαυι
1524 3353 1585 3392 ma-

451 3423 516 3494 rr'tr',
537 3417 590 3477 sed
602 3419 739 3478 nimirum
749 3419 910 3477 referenda
931 3424 998 3485 sunt
1019 3419 1108 3480 verba
1131 3421 1163 3484 ίιι
1182 3424 1236 3500 τῆς
1258 3417 1352 3500 ἔκρας
1371 3421 1408 3477 ad
1428 3439 1527 3496 τεκμ..·
1551 3437 1587 3478 ex

328 3584 330 3589 Ι
451 3522 518 3564 arce
538 3504 613 3562 enim
633 3503 732 3562 mulier
750 3503 949 3582 prospiciens,
972 3523 1034 3564 cum
1055 3506 1217 3565 tumultuari
1239 3507 1378 3566 sensisset
1399 3509 1494 3563 castra
1515 3502 1587 3562 hos-

451 3586 539 3665 tium,
557 3587 664 3647 Achaei
683 3607 779 3647 casum
800 3587 945 3649 divinavit.
972 3621 1004 3634 -
1027 3588 1073 3650 De
1093 3591 1235 3669 frequenti
1256 3610 1355 3650 errore
1374 3589 1506 3667 adjectivi
1524 3591 1588 3661 πᾶς

452 3674 605 3755 permutati
627 3692 688 3732 com
711 3672 853 3731 adverbiis
873 3673 934 3732 suis
956 3693 982 3735 v.
1005 3675 1153 3736 Schaefer.
1170 3675 1190 3736 l.
1214 3697 1238 3736 c.
1259 3697 1289 3756 p.
1313 3676 1401 3751 130„
1436 3679 1498 3736 not.
1521 3675 1587 3750 86„

452 3778 566 3836 nosque
586 3777 650 3818 cum
668 3758 776 3818 dotali!
794 3758 832 3817 811
846 3755 939 3824 Thur.
957 3761 988 3835 6,
1011 3763 1060 3826 18.
1081 3763 1111 3820 in
1124 3761 1331 3840 Thucydideis,
1351 3766 1410 3818 tum
1430 3760 1468 3818 ad
1482 3757 1588 3820 Athen.

454 3846 527 3918 263,
549 3864 582 3920 c,
601 3849 630 3903 et
649 3845 723 3922 610,
744 3862 768 3902 c.
812 3843 858 3902 De
879 3844 1007 3904 consosis
1029 3867 1053 3920 νΙ
1069 3851 1100 3904 et
1120 3863 1139 3907 o
1159 3846 1262 3906 litteris
1282 3845 1412 3906 finalibus
1433 3851 1586 3921 non·opus

454 3931 568 4005 dicere,
588 3949 652 3990 cum
670 3929 741 3988 satis
761 3934 858 3988 notom
880 3928 934 4006 sit,
963 3930 1018 3990 hac
1038 3929 1145 3990 chorda
1163 3951 1252 4010 saepe
1274 3931 1425 3990 oberrasse
1445 3927 1589 3987 librarios.

539 4014 613 4092 Cap.
627 4013 691 4091 25,
712 4011 783 4095 51.
825 4008 944 4088 πόλεως
962 4007 1141 4094 Ἀρμὸσατα
1184 4015 1349 4076 Declinatnr
1369 4013 1461 4073 simile
1482 4031 1588 4073 nomen

453 4092 635 4177 Σαμόσατα,
665 4118 723 4177 qno
741 4098 862 4159 inducor
881 4104 913 4156 nt
935 4099 1071 4178 scriptum
1092 4120 1110 4160 a
1128 4093 1249 4178 Polybio
1270 4105 1368 4179 potem
1387 4089 1589 4179 Ἅρμοσαίτυν.

454 4182 569 4264 ῶ(αν)
588 4185 665 4244 torte
684 4183 787 4245 abierit
807 4185 838 4242 in
858 4205 883 4246 υ
903 4187 935 4243 et
956 4205 992 4260 α,
1027 4204 1100 4266 qnae
1122 4187 1263 4266 permixta
1284 4185 1465 4264 reperiuntur
1484 4184 1514 4242 in
1535 4181 1607 4242 co-'

347 4287 352 4302 ¹
377 4330 380 4334 ,
455 4271 577 4333 dicibus.

440 4376 444 4381 ·
541 4356 614 4434 Cap.
638 4357 705 4430 28.‚
725 4351 753 4436 5
772 4355 818 4418 5.-
846 4386 889 4398 -·
908 4354 962 4418 ivo
983 4353 1088 4437 μηδείς
1107 4349 1299 4444 καταπνεύσῃ
1318 4353 1376 4437 τήν
1398 4349 1474 4434 ὅλην
1492 4347 1589 4417 δυ’να-

456 4464 518 4521 μιν,
542 4434 606 4503 ἀλλ’
630 4440 663 4503 oi
679 4437 735 4518 pir
755 4437 925 4520 ιίτιοχείριοι
941 4440 1092 4522 γίγνοιντο
1114 4447 1175 4504 τῶν
1196 4438 1422 4505 διαπιπτόντων
1438 4473 1490 4498 -.
1512 4439 1589 4497 Sen-

455 4546 516 4586 sum
537 4526 686 4606 perspexit
699 4525 768 4587 Cas.
781 4531 914 4584 vertens:
937 4527 984 4586 red
1005 4525 1064 4608 (ut)
1083 4530 1285 4608 quicunque
1304 4531 1339 4588 ia
1361 4547 1414 4587 cor
1434 4523 1590 4584 incidir-

456 4618 550 4686 τινι,
568 4614 670 4689 partim
689 4617 845 4687 caperentur
865 4617 939 4686 etc,
961 4631 1054 4691 neque
1071 4613 1230 4674 audiendus
1254 4619 1299 4673 est
1317 4613 1428 4687 Schra,
1450 4610 1497 4688 qui
1518 4603 1592 4682 τούς

458 4699 675 4768 διαπίπτοντας
692 4695 826 4773 intelligit
846 4715 903 4773 eor,
937 4701 986 4777 poi
1001 4697 1203 4779 profugissent,
1234 4702 1282 4778 ραι·
1299 4697 1400 4778 diloprr‘
1420 4701 1520 4770 arent,
1551 4694 1590 4752 de

459 4783 561 4859 quibos
582 4781 675 4858 agitor
697 4781 727 4840 in
748 4783 900 4883 ppoximis,
922 4784 969 4842 hic
990 4803 1058 4844 vero
1079 4783 1276 4862 significantur
1296 4784 1352 4862 illi,
1375 4803 1448 4861 quos
1469 4797 1592 4842 eonsen-
