3675 5584
887 664 1138 728 -ςη,

417 853 491 914 que,
527 841 558 894 ut
577 829 647 897 οὔτε
667 833 796 914 sphalma
817 835 856 894 sit
879 834 1006 910 librarii,
1043 834 1121 912 quod
1139 831 1173 898 δὲ
1193 836 1324 913 subjecto
1348 839 1551 912 emendaverit,

415 939 474 998 qno
496 925 575 978 esset
593 913 675 983 οιίδέ.
717 921 760 978 sic
781 920 855 979 enim
869 919 954 979 solet
973 920 1030 980 ista
1049 921 1142 978 natio:
1163 921 1232 980 nihil
1253 923 1342 999 delet,
1363 942 1419 982 nec
1437 925 1551 1004 punctis
1677 963 1678 976 .

417 1023 533 1084 semper
552 988 720 1082 subscriptis
739 1006 847 1065 iudicat
866 1005 982 1082 rejecta.

503 1086 699 1172 e.15.‚§.§
721 1091 752 1152 3.
776 1092 873 1153 et10.
914 1088 1033 1171 Ἱέρωνα
1054 1087 1148 1169 φησί,
1171 1081 1260 1164 οὗτος
1281 1091 1369 1171 φησί.
1412 1091 1550 1150 Scriben·
1579 1147 1582 1153 ,

418 1175 486 1233 dnm
505 1171 628 1257 Ἱέρωνα
647 1192 742 1256 φησι,
775 1167 867 1248 οὗτιίς
888 1192 974 1254 φησι.
1015 1173 1102 1254 paulo
1124 1175 1316 1253 negligentior
1337 1183 1382 1238 est
1403 1177 1497 1239 Scbw.
1522 1183 1552 1236 et

417 1261 447 1319 in
468 1259 523 1318 hoc
544 1279 669 1338 genere,
691 1267 721 1320 et
740 1260 983 1340 interpunctione

502 1345 650 1423 Ibidem,
666 1343 695 1428 δ.
718 1347 769 1408 10.
812 1347 846 1410 έν
873 1343 947 1430 μέσχ
978 1343 1120 1425 κειμένην
1147 1349 1186 1429 τῇ
1212 1347 1274 1406 coin
1295 1350 1383 1426 Συρα
1441 1327 1549 1411 ίοινκ.

418 1393 637 1518 Ιίαρχηδονίιον
665 1429 801 1516 έπαρχία.
843 1431 935 1490 Recte
968 1431 1059 1490 codex
1085 1430 1182 1490 Flor..
1219 1429 1252 1492 έν
1282 1429 1361 1512 μέσῳ
1383 1365 1552 1526 “tidem

418 1511 607 1574 Casaubonns
627 1521 712 1575 nota·
733 1514 767 1578 ίν
774 1492 934 1599 μέσμ-
955 1517 1070 1595 τῆς-
1094 1513 1245 1597 ἐπαρχίας.
1288 1516 1403 1616 Mirum,
1424 1517 1553 1595 vulgata,
1679 1579 1680 1586 χ

359 1628 362 1636 ·
418 1619 492 1676 qnae
516 1600 615 1679 inepta
643 1608 728 1677 sunt,
762 1602 836 1660 tueri
857 1600 1175 1676 Schweighaeuserum‚
1212 1601 1364 1660 consensui
1392 1607 1554 1661 ceterorum

417 1686 548 1744 codicum
569 1686 635 1764 plus
648 1687 729 1763 justo
749 1687 931 1749 tribuentem.
973 1682 1158 1744 Tralaticium
1179 1704 1247 1745 vero
1271 1692 1332 1762 est,
1355 1709 1367 1747 ι
1387 1693 1417 1745 et
1440 1711 1456 1761 ς
1476 1687 1555 1746 litte-

417 1789 465 1828 ras
485 1771 643 1850 permutari
665 1790 684 1830 a
704 1772 816 1830 scribis.
858 1772 951 1829 minus
970 1789 1057 1848 saepe
1078 1794 1098 1849 η
1121 1777 1151 1830 et
1172 1793 1196 1832 ιυ
1218 1772 1414 1848 confundunt,
1437 1773 1474 1830 de
1496 1792 1553 1862 quo
1680 1831 1681 1848 χ

419 1871 484 1914 cunr
502 1854 567 1931 alii,
587 1862 648 1915 tum
668 1876 723 1915 nos
738 1857 769 1917 in
786 1856 930 1916 annotatis
950 1855 988 1913 ad
1009 1854 1195 1916 Athenaeum.

505 1940 541 2002 C.
564 1942 614 2004 17.
622 1940 686 2024 ‚§.
701 1942 733 2004 3.
779 1941 819 2003 Ol
841 1937 874 2002 δὲ
896 1933 1134 2040 Καρχηδόνιοι,
1128 1943 1330 2020 θεωροῦντες
1352 1937 1406 2002 cdv
1428 1937 1483 2020 μέν
1504 1921 1555 2002 Ἱέ-

419 2048 503 2105 ρωνα
522 2023 667 2105 πολέμιον
690 2020 807 2100 ου’τοῖς
815 2018 968 2132 γεγονότα,
989 2023 1061 2099 τοδς
1083 2023 1117 2088 δέ
1129 2023 1292 2107 Ῥαμαίους
1313 2023 1555 2108 ὁλοσχερέστεροι

418 2109 659 2192 ἐμπλεκομένους
688 2111 732 2184 είς
758 2135 796 2181 τα
824 2135 900 2174 κατα
930 2133 986 2220 την
1008 2111 1168 2187 Σικελίαν,
1203 2109 1359 2191 δπέίαβον
1389 2111 1555 2192 βαρυτέρας

418 2195 621 2278 προσδεῖσθαι
648 2202 860 2303 παρασκευῆς,
898 2187 983 2258 δι’
961 2219 1000 2276 ης
1021 2190 1251 2278 ιίντοφθαίμεῖν
1280 2192 1464 2278 δυνήσονται
1491 2203 1556 2271 τοῖς

419 2280 585 2388 πρίεμίοις,
607 2305 637 2343 κ.
658 2278 849 2362 συνέχειν
814 2307 853 2344 τα
873 2303 950 2343 κατα
970 2277 1027 2360 τὴν
1043 2283 1192 2345 Σικελίαν.
1215 2282 1387 2348 ,Τοίίειιιιιε
1404 2284 1492 2343 verba
1513 2283 1556 2356 είς

419 2363 457 2428 τοί
478 2363 554 2428 κατδ
575 2389 631 2444 την
652 2371 736 2441 Σικ.,
763 2388 837 2445 quae
855 2373 884 2427 et
904 2373 1011 2444 sponte
1030 2362 1243 2446 intelligantur,
1272 2375 1302 2428 et
1322 2369 1413 2445 magis
1435 2368 1556 2428 moleste

419 2458 488 2511 sunt
509 2452 694 2529 sequentibus
714 2448 752 2512 τοί
773 2448 849 2515 κατοί
856 2447 926 2554 ”cdv
949 2455 1015 2522 Σικ.

506 2535 579 2597 lbid.
588 2559 691 2613 ,τους
711 2531 829 2617 μέν’
789 2540 890 2601 αυτοῖν
910 2533 1108 2618 διέφθειραν,
1132 2533 1204 2610 eoric
1225 2535 1259 2600 δέ
1279 2533 1422 2613 iocunde,
1444 2536 1555 2600 ἐπικεί-

421 2643 508 2703 μενοι
527 2645 556 2684 κ.
574 2617 779 2700 φονεύοντες,
801 2623 986 2697 συνεδίωξαν
1010 2623 1054 2696 είς
1074 2645 1131 2702 την
1152 2621 1253 2686 πόλιν.
1298 2624 1451 2682 Glossema
1473 2625 1556 2684 vide-

422 2714 470 2767 tur
491 2729 581 2785 φον.,
620 2709 727 2807 quippe
755 2728 944 2787 synonymum
965 2712 1009 2792 spi
1028 2703 1100 2782 τοδς
1122 2705 1177 2788 μέν
1199 2702 1301 2772 αυτοῖν
1323 2707 1555 2792 διέφθειραν

422 2797 453 2851 et
470 2811 569 2871 parum
587 2793 759 2853 conveniens
777 2795 866 2854 verbo
886 2771 1084 2870 συνεδίωξαν.
1126 2813 1191 2853 nam
1209 2795 1265 2854 alia
1286 2794 1359 2852 ratio
1381 2800 1427 2851 est
1444 2794 1555 2852 illorum

424 2879 485 2954 19,
520 2877 552 2951 §·.
564 2875 595 2940 4
617 2875 768 2942 έπέκειντο
788 2886 853 2954 τοῖς
869 2881 1045 2963 πολεμίοις,
1079 2901 1109 2940 κ.
1130 2874 1261 2950 πολλούς
1281 2875 1337 2978 μέν
1357 2877 1458 2938 αιίτοῖν
1480 2870 1555 2939 οίπέ·

423 2984 546 3025 κτειναν
567 2969 639 3042 etc,
674 2963 723 3023 ubi
752 2985 810 3026 non
837 2973 882 3026 est
910 2967 1018 3026 dictum
1044 2970 1129 3023 antea
1158 2965 1194 3022 de
1216 2964 1319 3022 caesis.
1362 2961 1555 3045 ἐπικείμενοι,

424 3048 487 3108 scil.
508 3041 621 3124 ατίτοις
664 3050 790 3110 delenda
807 3051 893 3129 igitur
913 3053 1002 3112 verba
1021 3047 1073 3112 καί
1095 3069 1167 3128 φον.

428 3191 432 3195 ,
510 3129 681 3213 e.19.‚§
698 3137 729 3197 1.
774 3133 864 3199 Macci
885 3133 918 3198 δέ
938 3161 1034 3200 ταυτα
1041 3138 1183 3240 θεωρῶν
1204 3128 1497 3238 δπροειρημένος’
1477 3157 1557 3215 ανηρ

424 3214 498 3292 cade
500 3215 581 3299 μέν
599 3217 810 3300 Ῥωμαίους
787 3217 850 3284 υπιί
877 3243 909 3284 τε
929 3228 985 3302 τῆς
1012 3214 1107 3324 speon
1133 3243 1160 3282 κ.
1189 3243 1243 3300 τιχς
1271 3218 1386 3320 ένδείας
1415 3213 1558 3292 οίσθενοῖς

424 3302 633 3385 διακειμένους
654 3313 710 3366 etc.
752 3304 891 3367 Malim‘
868 3303 933 3372 υπδ
953 3330 984 3370 τε
1005 3301 1117 3380 νόσου,
1153 3306 1220 3384 quia
1238 3326 1315 3365 nunc
1340 3307 1459 3386 primum
1488 3305 1559 3362 dicit

424 3390 463 3448 de
483 3390 585 3448 morbo
604 3392 671 3452 isto.
713 3392 929 3453 addiderint
890 3417 957 3474 της,
976 3393 1109 3472 quoniam
1126 3391 1255 3469 seqnitur
1267 3389 1319 3452 καὶ
1340 3395 1406 3468 τῆς
1427 3387 1558 3462 ἐνδείας.

368 3525 372 3535 ,
424 3476 491 3534 sed
504 3475 577 3534 de
568 3476 667 3554 mopia
692 3479 883 3555 expositum
875 3498 904 3536 ιιι
933 3476 1147 3583 superioribus,
1183 3477 1279 3552 itaque
1302 3475 1482 3552 usurpandus
1506 3475 1560 3532 fnit

424 3560 569 3623 articulus.
615 3561 778 3622 similiter
770 3583 799 3622 ιιι
825 3565 976 3641 proximis:
1015 3557 1066 3624 δια
1087 3556 1122 3622 τδ
1143 3555 1286 3638 λοιμικήν
1308 3552 1387 3620 εἶναι
1408 3553 1478 3642 παρ’
1500 3552 1557 3622 uri-

426 3668 492 3719 τοις
511 3642 713 3723 κατάστασιν,
735 3667 793 3706 non
813 3644 882 3724 τὴν
905 3654 983 3726 λοιμ.
1004 3669 1070 3710 κατ.

479 3731 584 3790 lbid.
591 3727 701 3812 ,§.7
703 3776 710 3791 .
680 3727 855 3795 7τοῦδ
875 3728 999 3840 Αννίβο
1001 3757 1020 3794 υ
1042 3725 1322 3838 διαπυρσενομένου
1343 3753 1371 3792 κ.
1393 3731 1559 3808 διαπεμπο-

426 3780 521 3897 μένον
536 3821 668 3896 συνεχεῖς
681 3815 714 3879 ἐκ
728 3820 784 3894 τῆς
804 3811 923 3894 πόλεως
943 3815 1017 3899 πρδς
1036 3811 1090 3878 τδν
1103 3810 1257 3892 ”Arvorum
1279 3839 1308 3878 κ.
1324 3816 1488 3895 δηλοῦντος
1503 3820 1558 3878 etc.

426 3901 483 3961 Ab
496 3902 671 3981 explicatore
692 3901 817 3960 arbitror
838 3923 904 3964 esse
920 3904 1010 3964 verba
1030 3899 1082 3964 καὶ
1103 3901 1263 3982 διαπεμπ,
1294 3903 1342 3979 qni
1362 3901 1521 3976 gratuito
1513 3919 1559 3956 ιιι-

428 3987 530 4046 sumsit
551 4006 686 4065 opmam,
719 4006 782 4046 cnm
802 4007 855 4067 per
876 4009 908 4048 se
928 3993 998 4050 nota
1020 3989 1062 4049 sit
1067 3986 1203 4092 scuposis
1223 4007 1258 4046 ex
1277 3987 1336 4060 10,
1367 3983 1479 4048 43.-
1494 3983 1559 4060 45,

426 4091 484 4132 nec
503 4071 624 4131 obscure
644 4072 751 4130 dictum
771 4069 901 4152 πυρσδν
911 4065 983 4159 pipat
1005 4079 1035 4134 et
1056 4065 1183 4154 σίντᾷραι
1206 4073 1264 4146 10,
1292 4068 1362 4146 44,
1391 4066 1419 4150 b
1446 4073 1510 4147 10.,
1531 4075 1561 4129 et

428 4157 590 4235 διασαφεῖν
612 4151 663 4218 δια
682 4161 744 4220 τοῖν
763 4163 889 4237 πυρσυδν
910 4163 949 4236 9,
979 4157 1048 4237 42.,
1078 4156 1107 4240 δ.
1126 4162 1156 4221 7.
1179 4163 1209 4216 et
1229 4157 1376 4233 sequentis
1396 4158 1435 4215 ibi
1456 4156 1559 4235 capitis

429 4237 477 4322 §§.
495 4239 526 4305 4.
546 4250 576 4301 et
596 4243 626 4305 6
643 4242 697 4299 buc
716 4243 838 4317 accedit,
859 4247 965 4324 quod
959 4266 1017 4306 non
1039 4251 1097 4303 tam
1119 4250 1187 4347 apte
1209 4241 1321 4300 obsessi
1343 4243 1481 4302 dicuntur
1495 4242 1560 4304 δια·

428 4325 662 4406 πέμπεσθαι,
636 4327 688 4384 mis
708 4327 879 4406 obstruatis,
900 4350 984 4408 quam
1005 4331 1116 4414 διαπυρ
1119 4323 1270 4392 σεύεσθαι.

515 4411 550 4470 C.
572 4413 623 4474 22.
666 4411 785 4490 Caput'
778 4415 907 4494 reprimis
929 4416 1121 4490 memorabile,
1142 4414 1223 4493 quod
1242 4391 1368 4473 confluet
1389 4389 1562 4489 descriptio-

431 4515 497 4558 nem
515 4495 660 4556 trochleae
680 4517 733 4557 aen
752 4501 850 4579 pontis
871 4503 990 4579 navalis,
1013 4503 1092 4580 cujus
1110 4460 1246 4577 lrequens
1267 4519 1334 4568 nsua
1355 4497 1437 4558 suit
1430 4516 1460 4554 ιιι
1479 4496 1562 4554 bellis

428 4577 634 4642 Romanorum.
675 4600 703 4642 v.
725 4585 793 4644 Car.
813 4585 958 4648 Haltansii
979 4586 1225 4661 dissertationem,
1256 4585 1283 4642 J.
1305 4585 1340 4646 O.
1363 4581 1456 4646 Jabuii
1477 4581 1559 4642 etll

336 4661 341 4672 “
429 4665 540 4725 Klotzii
560 4667 641 4726 novis
663 4666 819 4732 Annalibus
840 4672 939 4752 philol.
962 4679 992 4734 et
1009 4672 1172 4754 paedagog.
1194 4689 1222 4729 a.
1245 4666 1349 4747 1843,
1369 4671 1399 4730 9.
1416 4666 1473 4726 τοί.
1494 4685 1563 4743 sup·

429 4749 533 4830 plem,
564 4752 635 4813 lasc.
656 4750 702 4830 4.,
733 4757 890 4837 insertam,
922 4777 996 4840 quae
1016 4757 1154 4838 inscripta
1175 4760 1221 4818 est
1248 4755 1371 4836 „Ueber
1392 4731 1439 4813 die
1458 4751 1564 4812 Enter-
