3675 5584
878 685 1091 750 ..42-

414 857 509 920 Recte
521 856 666 918 Kristerus
685 857 762 963 apud
780 857 898 918 Suidam
916 843 943 918 l.
959 856 1105 932 Aelimoe,
1127 877 1162 918 ex
1177 855 1257 922 Aem.
1272 855 1352 918 Porti
1374 858 1526 935 conjectus

415 955 471 1024 pso
491 945 590 1022 inepto
611 946 764 1006 συνοικεῖν
785 945 916 1042 reposuit
935 945 1129 1006 συνδιοικεῖν.
1171 942 1281 1002 Similia
1300 945 1330 1002 iu
1353 943 1498 1002 codicibus
1521 877 1562 1006 b

416 1036 447 1088 et
467 1052 512 1104 οι,
533 1047 607 1106 quae
625 1029 712 1087 inerit
732 1048 837 1104 causa,
857 1029 975 1089 utillud
999 1028 1191 1106 negligeretur
1213 1047 1230 1087 a
1250 1029 1382 1099 librariis.
1425 1029 1552 1088 Verbum

416 1114 611 1197 συγχειρῖζειν
634 1115 769 1173 omissum
791 1117 886 1174 estin
908 1114 1000 1175 lexico
1019 1133 1124 1192 graeco
1146 1113 1331 1190 schndderi,
1360 1133 1416 1174 aec
1436 1115 1553 1200 desidq-

415 1207 530 1258 caretur
549 1199 605 1258 boc
625 1199 712 1272 loco,
728 1202 754 1258 si
775 1199 908 1276 abesset,
930 1201 1086 1259 cumidem
1108 1205 1248 1258 sunctae
1269 1201 1473 1276 συνδιοικεῖν,
1499 1199 1553 1257 lra-

415 1283 689 1363 beasque1apeetem
708 1285 898 1362 glossematis.
941 1284 1088 1382 Dioqorus
1110 1285 1170 1343 Sic.
1193 1282 1222 1367 §.
1241 1283 1314 1348 551.
1343 1287 1391 1345 ed.
1418 1285 1579 1350 Wesself,
1652 1345 1655 1350 ,

414 1370 471 1428 vol.
483 1373 512 1434 2.
533 1375 608 1448 part.
621 1371 652 1432 2.
672 1391 702 1448 p.
713 1372 766 1434 81.
787 1371 833 1441 ed.
853 1369 1006 1430 nindorc:
1026 1365 1121 1432 ποῖῖδ
1141 1366 1298 1432 τιδνκατοῖ
1318 1367 1375 1450 τήν
1397 1371 1554 1450 βασιλείαν

416 1450 578 1537 ουνδιρῖκιι
597 1457 640 1538 κρῖ
661 1455 794 1535 βασιλεῖ,
812 1474 887 1533 quae
908 1474 943 1515 ex
964 1454 1017 1515 buc
1037 1462 1138 1516 nostro
1160 1460 1253 1514 sumta
1276 1456 1407 1515 videntur
1430 1455 1554 1514 Valesio.

503 1541 574 1619 Cup·
601 1541 650 1615 3.,
684 1539 714 1624 δ.
744 1543 791 1605 10.
833 1517 919 1622 -bi
949 1539 1001 1602 καῖ
1030 1534 1259 1620 suppodiantes
1286 1541 1338 1603 καὶ
1366 1547 1554 1623 συγχρῶνται

416 1618 529 1698 ποῖντες
548 1625 582 1689 οῖ
600 1619 754 1705 μόναρχοι,
773 1618 846 1688 καθ’
865 1618 939 1687 ’ὅσον
961 1619 1023 1688 οἷοί
1042 1620 1068 1688 τ’
1087 1625 1155 1700 εἰσὶ,
1175 1630 1219 1710 τῷ
1238 1630 1293 1706 τῆς
1312 1628 1465 1706 βασιλείας
1480 1617 1553 1689 δνό-

416 1734 496 1791 μαιι.
538 1709 686 1770 Tollamus'
706 1712 838 1790 frigidam
858 1712 1124 1791 interpretationem
1145 1716 1340 1794 συγχρῶνται.
1381 1713 1411 1770 id
1429 1713 1453 1772 si
1471 1712 1554 1771 volu·

416 1799 490 1945 ἱερεῖ
514 1796 670 1873 Polybius,
702 1797 825 1858 dixisset
848 1787 871 1882 ᾗ
891 1797 944 1860 καὶ
967 1791 1197 1878 συμψιιῖδουιαι
1218 1791 1422 1880 ουρχροῖμενοι
1443 1791 1554 1871 adacte

494 1879 552 1944 σ’να
589 1905 619 1943 οι
639 1890 696 1940 etc.
1348 1892 1356 1916 ⁸

471 1906 632 2046 leaqlln,
649 1966 678 2050 §-
689 1968 720 2029 7.
742 1999 780 2012 -
796 1960 863 2030 τότε
884 1959 996 2047 δ’ψου,
1019 1955 1162 2047 καθάπερ
1182 1957 1242 2031 lul.
1253 1971 1313 2030 cciv
1336 1963 1436 2030 ditor
1458 1963 1553 2045 ζώων,

397 2051 469 2116 -sul
496 2051 547 2114 lat
574 2046 691 2114 τούτων
719 2050 1006 2133 συναθροιζομένων
1032 2047 1123 2136 (ὅπερ
1146 2049 1239 2127 elude,
1273 2049 1487 2117 κατοῖ·τοιιίων
1511 2055 1555 2127 εἰς

415 2135 451 2201 κδ
482 2133 642 2217 ὁμόφυλον
675 2131 930 2218 συναγελάζεσθαι
963 2132 1014 2198 διδ
1045 2133 1103 2218 τὴν
1134 2143 1187 2218 τῆς
1221 2132 1344 2216 φύσεως
1376 2135 1554 2287 οῖσἼνειαν)
1593 2133 1600 2148 ’

416 2218 546 2305 α’νᾶῖθη,
566 2219 621 2288 τόν
640 2226 681 2308 τῇ
701 2226 858 2308 σωματικῇ
879 2217 969 2308 §cipp
992 2221 1043 2284 aul
1063 2229 1103 2309 qi
1117 2228 1236 2308 ψυχικῇ
1248 2221 1342 2310 τόλμῃ
1358 2226 1434 2302 διαφ
1452 2247 1553 2306 ροντα,

414 2314 526 2372 τοῦτον
547 2307 693 2390 ἡγεῖσθαι
713 2307 765 2371 καῖ
786 2308 916 2386 κρὰτεῖν.
962 2308 1125 2386 Schweigh.
1149 2304 1222 2391 ὅπερ
1243 2313 1347 2390 accipit
1367 2331 1421 2390 pro
1444 2307 1555 2391 ὥσπερ,

414 2413 510 2472 neque
532 2414 588 2471 ego
609 2396 768 2473 intercedo,
790 2395 941 2472 quominus
962 2395 1003 2453 ita
1023 2394 1209 2476 intelligqur,
1232 2397 1325 2456 malim
1348 2402 1455 2474 tamen,
1475 2398 1555 2491 quod

415 2481 509 2583 maqis
527 2480 729 2559 perspicuum,
760 2471 861 2565 ᾇπερ,
897 2481 942 2539 vel
962 2480 1056 2558 iprum
1078 2474 1188 2562 ὅσπερ.
1230 2476 1344 2541 Deinde
1364 2481 1443 2541 libri:
1479 2469 1564 2546 καιδ

415 2586 523 2639 τουτο,
546 2565 571 2628 E
591 2565 666 2643 Reg.
687 2563 822 2644 (Paris.)=
843 2587 874 2628 ιι.
895 2559 1021 2640 τούτων,
1045 2565 1185 2642 confusis,
1207 2572 1295 2645 puto,
1319 2591 1356 2643 α,
1378 2591 1395 2631 ο
1416 2572 1491 2630 etc>
1509 2569 1557 2628 lit-

414 2653 501 2724 urie,
533 2649 608 2710 sicut
627 2651 745 2710 iuferius
770 2653 826 2725 12,
860 2650 907 2727 8.,
932 2651 990 2713 sbi
1011 2650 1200 2711 Casaubonus
1223 2652 1376 2730 legendum
1398 2673 1464 2714 esse
1484 2655 1556 2713 vidit

416 2728 503 2799 oricus
522 2756 578 2814 pro
599 2729 688 2799 csisol
708 2756 761 2815 per
781 2735 957 2815 anaphoram
978 2735 1098 2813 Polybio
1122 2736 1348 2815 frequentatam,
1369 2739 1488 2817 aliisque
1509 2739 1555 2806 lar
1682 2759 1683 2762 ’

417 2823 477 2898 cis,
497 2822 640 2900 siquidem
656 2823 820 2900 ponendum
842 2826 905 2896 est,
927 2822 1006 2900 quod
1025 2841 1196 2901 persuasum
1213 2821 1323 2898 babeo,
1344 2816 1420 2886 κατιῖ
1442 2818 1555 2888 καυίδν

415 2908 475 2968 sive
495 2901 604 2985 codcd,
624 2908 711 2967 eodem
731 2906 808 2966 modo
829 2901 953 2986 (ταδιδν
974 2907 1019 2966 bic
1039 2913 1141 2965 auster
1161 2907 1247 2966 habet
1269 2912 1299 2986 2,
1323 2911 1376 2988 32,
1399 2913 1429 2974 6.
1451 2915 1479 2969 et
1499 2911 1549 2985 56,

416 2994 494 3071 11.).
538 2993 642 3072 Neque
663 2993 739 3052 enim
756 2992 876 3052 terenda
891 2999 937 3052 est
953 2992 1217 3068 Schweighaeuseri
1238 2996 1324 3071 ratio,
1343 2991 1419 3089 capul
1438 2989 1551 3056 κου’των

416 3080 458 3139 sic
476 3079 706 3158 interpretantis:
730 3084 823 3138 cmtrc
842 3078 902 3139 ulia
921 3080 1076 3138 animantia
1095 3083 1121 3137 ct
1143 3097 1231 3138 eorum
1249 3083 1383 3159 impetum,
1408 3099 1552 3160 cumpro-

415 3170 482 3244 pter
499 3165 631 3226 duritiem
652 3163 731 3222 verbi
748 3160 867 3226 τούτων
886 3161 970 3224 relati
992 3165 1030 3223 ad
1053 3157 1154 3238 ζοῖων,
1178 3165 1334 3243 interjectis
1354 3168 1409 3226 illis
1431 3163 1483 3228 καῖ
1504 3163 1555 3228 hl

349 3283 352 3287 >
415 3243 534 3312 ccciccc
555 3248 854 3330 συναθροιζομένων,
875 3250 978 3328 quibus
998 3268 1056 3308 uon
1075 3249 1249 3328 animalium,
1271 3253 1323 3311 sed
1341 3252 1487 3336 hominum
1507 3271 1557 3310 so-

348 3402 351 3407 ,
417 3337 507 3396 cietas
529 3336 720 3412 significatum
755 3343 833 3412 tum,
867 3337 1014 3413 quianon
1036 3337 1124 3394 mado
1146 3337 1257 3398 bestiae
1277 3339 1448 3398 metuendae
1474 3343 1558 3396 erant

416 3421 583 3502 primigenis
600 3421 655 3480 illis
668 3421 848 3497 mortalibus,
867 3420 945 3479 velut
958 3420 1085 3496 Herculi,
1106 3421 1222 3480 Theseo
1243 3428 1272 3480 et
1291 3423 1436 3498 heroibus,
1456 3441 1556 3481 verum
1683 3433 1684 3452 ¹

419 3508 503 3566 etiam
525 3506 651 3566 latrones
672 3506 777 3586 aliique
797 3505 919 3573 malefici
942 3525 976 3564 ac
997 3505 1152 3566 vicinorum
1176 3508 1347 3586 populorum
1364 3508 1557 3590 incursiones.

505 3591 578 3671 Cap·
591 3594 632 3668 7.,
653 3590 725 3674 §.7-
759 3625 804 3637 -
825 3583 1066 3672 οῖναντιῤῥήκους
1086 3587 1119 3654 δὲ
1140 3591 1192 3654 καῖ
1213 3589 1296 3672 παραὶ
1318 3597 1379 3657 τοῖν
1393 3589 1443 3673 μή
1463 3609 1557 3672 προσ-

419 3672 559 3757 ηκόντων
584 3669 640 3752 τοῖς
666 3681 729 3739 τοῖν
757 3670 950 3758 οῖφροδισῖων
971 3677 1082 3758 χρεῖαςι
1098 3677 1150 3739 καῖ
1180 3681 1353 3756 συνουσίας.
1395 3679 1556 3760 Interpres:

418 3769 520 3831 ita-usu
541 3765 604 3822 item
626 3767 727 3822 οιιαῖν
748 3767 869 3842 mumulo
890 3763 1005 3824 illicitae
1026 3763 1227 3831 contradicendi
1245 3766 1298 3824 sibi
1316 3769 1415 3826 mmiai
1433 3766 1480 3840 jus
1491 3783 1558 3824 esse.

419 3848 497 3908 Male
517 3849 644 3908 reddidit
664 3850 751 3921 uerba
768 3844 850 3931 καροῖ
873 3851 934 3912 τοῖν
956 3843 998 3928 μοὶ
1019 3868 1159 3930 apocopa,
1180 3869 1255 3926 quae
1277 3853 1423 3930 pertinent
1445 3852 1482 3909 ad
1501 3844 1559 3912 νῖν-
1618 3851 1627 3868 “

419 3957 484 3997 αντ.
507 3927 580 4013 οῖφρ.
602 3933 714 4014 χρείας.
757 3935 812 3994 hoc
837 3935 914 3994 euim
940 3936 1024 4011 dicit,
1059 3939 1197 4010 tyrannos
1227 3936 1257 3994 iu
1278 3937 1375 3995 herbis
1395 3937 1502 3995 nemini
1523 3955 1558 3994 ex

418 4020 493 4095 illis,
526 4020 575 4097 qui
595 4039 653 4079 non
670 4023 798 4099 ipsorum
818 4021 973 4100 propinqui
993 4024 1042 4078 aut
1063 4019 1216 4079 familiares
1239 4029 1356 4096 essent,
1389 4022 1436 4098 jus
1458 4041 1558 4101 reprc-

416 4104 563 4164 hendeudi
590 4124 703 4166 amores
727 4125 797 4165 suos
825 4107 1016 4171 concessisse.
1058 4103 1153 4165 Verba
1176 4103 1229 4168 aul
1250 4124 1316 4168 συν.
1338 4107 1470 4166 videntur
1493 4125 1558 4165 esse

419 4211 438 4249 a
458 4190 631 4267 glossatore.
838 4185 843 4198 '

506 4275 579 4354 Cap.
600 4278 643 4351 9.,
663 4271 691 4356 ξ.
710 4278 741 4349 7,
782 4274 982 4356 δοξοφαγῖαυ.
1008 4273 1127 4334 ‘Mende
1145 4276 1331 4356 ineptissima.
1367 4277 1558 4336 Scribeudum

420 4366 467 4423 est
487 4361 683 4442 δοξομανῖαν,
704 4360 779 4422 laeili
798 4361 990 4437 correctione,
1013 4380 1077 4420 cum
1100 4369 1226 4438 constet,
1248 4386 1285 4442 μ,
1307 4387 1347 4438 ιι,
1368 4387 1411 4442 φ,
1433 4365 1559 4440 itemque

419 4469 438 4529 y
460 4453 490 4508 et
511 4470 548 4519 ν,
568 4452 730 4526 permutata
748 4464 953 4524 nonnunquam
971 4465 1018 4505 ess
1058 4446 1089 4504 in
1110 4447 1266 4507 codicibus.

504 4532 631 4607 ibidem,
651 4530 681 4614 δ.
703 4533 752 4595 11.
795 4524 905 4611 ἦπου
925 4549 1018 4612 μετασ
1071 4527 1148 4620 ΙΙιαι.
1190 4533 1283 4595 Recte
1304 4535 1502 4595 8ο1ιιι.οοῑοι
1537 4527 1559 4613 ἢ

423 4639 478 4682 ποι
520 4659 528 4675 .
555 4659 558 4666 -
994 4660 997 4666 ·
1362 4621 1374 4641 ‘

498 4642 582 4782 „Cap
603 4702 671 4778 11.,
694 4696 722 4780 §-
742 4704 773 4765 6.
806 4699 869 4766 καῖ
889 4703 1028 4786 διῳκεῖτο
1049 4697 1101 4764 διδ
1119 4699 1246 4769 coricus.
1290 4706 1365 4767 lma:
1384 4701 1559 4776 cotorimv,

422 4795 454 4850 ut
471 4787 619 4873 Medicsus
640 4787 740 4846 codex.
1123 4820 1127 4829 ι
1224 4829 1226 4833 -
1454 4787 1456 4790 ’
