3675 5584
679 653 950 720 ,ςτ-

280 827 377 904 cnlae‚
410 826 484 887 sicut
502 825 585 906 pneri
611 823 763 903 gladiolis,
799 845 873 904 quos
892 825 939 886 rel
959 820 1078 884 similem
1096 823 1238 903 quandam
1255 844 1315 887 rem
1335 827 1411 889 ludi-

279 934 356 973 cram
375 913 423 972 hic
439 913 509 972 dicit
529 905 663 992 ρίαγιφός.
705 909 832 988 intelligo
853 918 949 970 antem
969 911 1081 990 ligneos
1102 910 1214 988 gladios
1234 932 1285 972 seu
1305 916 1410 993 pugio·

279 1019 348 1060 nes:
369 1017 435 1057 nam
454 999 565 1056 ferreos
583 995 684 1055 donari
706 997 804 1076 pneris
819 1001 899 1056 vetat
914 995 1095 1076 proverbium
1114 992 1174 1076 Μή
1194 997 1281 1060 παιδί
1299 997 1410 1079 μάχαι-

280 1108 348 1166 ραν.
388 1082 435 1142 De
449 1083 539 1161 pupis
559 1083 622 1142 sive
640 1080 776 1164 icnnculis
791 1081 948 1159 puellarum
965 1080 1110 1159 cogitabat
1129 1082 1240 1159 pridem
1257 1084 1336 1161 Cas,
1355 1086 1410 1144 sed

267 1168 461 1245 „scribendum
478 1187 543 1228 esse
566 1165 721 1225 arbitratus
743 1172 790 1225 est
811 1164 944 1242 εἰκόνια,
965 1167 1044 1244 quod
1065 1164 1212 1238 abhorret,
1234 1188 1297 1228 cnm
1318 1170 1410 1229 simil·

281 1255 376 1312 limam
390 1253 521 1328 vulgatae
538 1253 577 1310 sit
594 1244 698 1329 κόρας,
720 1251 859 1328 siquidem
879 1270 964 1312 nemo
986 1255 1031 1309 est
1051 1251 1119 1328 quin
1140 1252 1222 1327 sciat,
1242 1255 1409 1332 permisceri

281 1356 481 1415 nonnunquam
503 1338 532 1395 in
552 1336 700 1396 codicibus
720 1338 839 1396 vetustis
860 1359 880 1398 ν
894 1343 956 1416 etp
978 1334 1090 1396 litteras
1108 1332 1149 1416 (v.
1166 1356 1228 1396 cum
1248 1339 1331 1416 alios,
1348 1345 1409 1399 tum

281 1423 398 1486 Jacobs.
418 1423 512 1481 indice
533 1420 724 1498 Anthologiae
744 1419 870 1499 Palea),
902 1422 971 1480 item
992 1443 1011 1481 α
1031 1426 1061 1480 et
1082 1443 1119 1483 ou
1140 1419 1270 1501 (n'ann.
1290 1425 1409 1486 inferius
1526 1449 1527 1453 ¹

281 1509 320 1566 ad
337 1506 397 1582 43,
418 1508 480 1584 6.)‚
502 1526 576 1584 quac
594 1525 681 1566 causa
699 1506 786 1566 luerit
807 1507 912 1566 erroris
929 1505 1115 1566 librariorum.
1403 1531 1406 1540 ·

367 1591 441 1670 Cap.
456 1594 520 1667 20,
541 1587 570 1672 ἓ.
584 1589 615 1654 4.
646 1584 714 1653 Ἵνα
735 1587 777 1672 psi
799 1589 833 1653 όέ
852 1614 881 1653 τι
901 1592 962 1652 τῶν
982 1586 1059 1673 πρός
1078 1587 1133 1667 τρίς
1154 1587 1277 1673 μελέτας
1296 1586 1408 1672 ὅπλων,

262 1669 358 1758 ,μήτε
379 1680 440 1738 τῶν
457 1673 530 1757 πρὸς
546 1671 604 1757 τήν
623 1667 775 1757 α’ίήθειαν
791 1673 886 1756 μηδὲν
906 1675 1026 1760 ίίίείπγ
1047 1709 1098 1735 -.
1139 1677 1252 1737 Merum
1270 1679 1409 1757 sphalma,

203 1755 210 1767 ”
281 1762 404 1839 opinor,
433 1760 553 1821 librarii:
589 1761 740 1841 occupavit
759 1761 939 1822 fortahomo
960 1757 996 1824 τό
1017 1757 1075 1842 μὴ,
1106 1763 1190 1840 dein,
1210 1763 1409 1824 animadverso

282 1865 400 1923 errore,
421 1842 455 1908 di
471 1847 603 1925 subjecit.
646 1849 698 1906 Sic
717 1845 793 1906 solet
809 1847 839 1905 id
860 1865 961 1923 genus.
1002 1846 1074 1908 Pars
1094 1843 1316 1911 codicumz‘lvu
1335 1844 1411 1931 μήτε

281 1953 321 1998 τι.
362 1931 518 1992 scribamus
537 1925 740 1994 suadeo:‘'Ivu
763 1927 797 1993 dl
817 1925 892 2012 μήτε
911 1953 941 1994 τι
961 1934 1023 2007 ταῖν
1044 1938 1098 1996 etc.

366 2015 439 2096 Cap·
462 2020 530 2096 22,
550 2015 579 2100 §.
601 2018 633 2080 3·
675 2013 733 2102 όρᾷ
751 2016 778 2081 d’
799 2009 942 2081 aridium·
964 2017 1031 2096 quia
1052 2015 1272 2096 ducitagmen,
1288 2037 1344 2079 nec
1362 2037 1411 2079 re-

281 2102 378 2162 sicit.

296 2121 317 2182 p
367 2185 440 2266 Cap.
463 2185 533 2264 24„
563 2182 600 2269 -§.
622 2188 655 2252 a.
698 2186 762 2252 Καί
788 2183 846 2291 γόρ
872 2182 1005 2262 ἄτοπον,
1039 2181 1093 2262 τός
1121 2183 1176 2268 μέν
1202 2189 1265 2249 τῶν
1290 2180 1411 2250 nitens

281 2269 394 2343 κτίσεις
413 2266 487 2345 τεός
506 2271 708 2356 συγγραφέας,
728 2272 782 2337 ταί
800 2295 889 2347 ποτε,
908 2270 962 2334 ταί
980 2274 1063 2344 πῶς,
1084 2272 1137 2334 καί
1158 2267 1210 2334 dsoi
1230 2271 1323 2334 τίνων
1342 2271 1412 2334 tm·

281 2356 466 2434 ττίσθησαν,
488 2391 524 2402 -
553 2359 735 2442 ἐξαγγέλλων
755 2365 810 2420 etc
852 2357 971 2416 Rectius
994 2357 1080 2416 luerit
1100 2355 1333 2438 έναιτίσθησαν,
1358 2377 1413 2418 nec

281 2457 348 2500 raro
366 2440 478 2502 scribae
498 2445 688 2504 confuderunt
705 2467 725 2506 ν
746 2449 777 2502 et
797 2464 820 2504 ss
838 2443 960 2501 litteras.

367 2525 443 2604 Cap.
462 2529 531 2601 26.,
552 2526 580 2608 §.
599 2532 629 2592 7.
675 2527 830 2594 Φιλίππου
851 2521 916 2589 οὔτ’
932 2517 1040 2607 όγαθιί
1062 2524 1151 2605 μείζω
1168 2547 1213 2599 τις
1232 2525 1318 2604 σχοίη
1335 2521 1415 2606 πρός

283 2610 439 2690 βασιλείαν
459 2603 561 2686 οὐδεὶς
584 2615 646 2673 τῶν
666 2607 828 2694 πρότερον,
861 2603 1161 2674 molnantvoisin,
1182 2613 1238 2673 τοῦ
1258 2608 1414 2690 βασιλέως.

282 2693 361 2754 lllale
377 2694 531 2765 cohaerent
551 2717 615 2757 cum
630 2697 825 2778 superioribus
847 2696 936 2756 verba
956 2688 1065 2758 colicon
1086 2699 1142 2758 τοῦ
1162 2695 1248 2776 βαι,
1280 2714 1353 2772 quae
1369 2695 1414 2754 vi-

283 2781 390 2840 dentur
410 2780 589 2842 immittenda
610 2802 681 2843 esse·
698 2787 769 2863 post
784 2778 823 2844 sol
843 2778 900 2863 plo
923 2773 1045 2864 όγαθνί,
1082 2782 1158 2842 unde
1177 2782 1206 2840 in
1225 2782 1414 2860 posteriorem

283 2882 396 2924 susum
418 2864 649 2942 immigraverint.
1017 2926 1020 2943 ,

369 2948 442 3028 Cap·
462 2952 531 3027 27„
565 2950 593 3034 ᾗ.
615 2955 645 3016 8.
689 2985 733 2998 -·
753 2949 807 3015 καί
828 2943 889 3031 μετ’
910 2943 1067 3030 «nigriniano
1089 2947 1154 3012 ένια
1172 2947 1224 3012 καί
1246 2941 1415 3030 διαβάσεως

283 3031 471 3114 είθισμένοις
489 3033 672 3115 ἐξαγγέλλειν
688 3067 742 3096 m.
784 3036 889 3113 lnepto
910 3037 992 3116 διαβ.
1014 3036 1131 3095 Ernest.
1152 3042 1182 3094 et
1196 3034 1288 3094 Schw.
1307 3034 1416 3094 substi-

283 3123 400 3178 tuerunt
429 3115 611 3193 διατάσεως,
645 3119 724 3195 quod
752 3119 828 3179 idem
854 3121 1063 3196 propemodum
1083 3124 1128 3178 est
1148 3122 1189 3202 spi
1210 3112 1417 3199 ατίξήαεωςεὶ
1512 3169 1515 3174 ,

283 3203 474 3280 suspicionem
494 3202 560 3262 salsi
582 3203 669 3262 habet
695 3207 815 3280 propter
838 3202 859 3280 β
879 3207 910 3259 et
928 3225 945 3263 τ
968 3205 1127 3268 litterarum
1151 3205 1416 3269 dissimilihrdinem.
1503 3201 1505 3206 ’

283 3288 380 3348 malim
398 3286 511 3365 itaquez
533 3284 637 3368 (parri)
659 3281 845 3364 διαφόσεας,
865 3287 1013 3364 splendide,
1035 3293 1145 3365 ornate,
1166 3289 1214 3365 qui
1230 3289 1251 3368 β
1265 3295 1295 3349 et
1308 3313 1332 3368 φ
1347 3309 1416 3368 per·

283 3377 392 3433 mutata
412 3391 614 3451 nonnunquam
630 3373 706 3432 inter
726 3391 758 3430 se
780 3371 883 3444 sciam,
905 3371 983 3430 velut
1004 3370 1072 3430 olim
1091 3367 1236 3454 στρόβονς
1252 3394 1306 3452 pro
1320 3366 1417 3452 ,στρό-

286 3481 368 3536 φονς
388 3457 537 3535 legebatur
557 3457 689 3535 Aeschyl.
711 3456 813 3560 Suppl.
832 3453 925 3532 419„
957 3460 1131 3535 contraque,
1163 3459 1219 3517 nisi
1240 3477 1416 3538 magnopere

285 3541 387 3614 fallor,
422 3540 589 3626 πανόβρας
612 3563 670 3624 pro
693 3536 749 3616 τνίς
768 3536 869 3623 οφρός
888 3539 1042 3618 legendnm
1068 3546 1114 3602 est
1139 3543 1216 3624 apud
1239 3543 1416 3608 Athenaeum

286 3625 368 3701 529,
390 3644 417 3684 a.
1151 3625 1153 3631 ’
1345 3658 1348 3679 .

287 3795 325 3856 Gl
372 3710 446 3790 Cup·
462 3715 525 3801 28,
539 3713 573 3800 ᾗ.
587 3715 619 3782 5.
662 3710 813 3798 quondm
833 3713 900 3779 ταί
922 3713 1108 3798 φθείρειν
1131 3747 1168 3760 -
1190 3709 1246 3790 τός
1261 3713 1416 3798 φρεατίας.

326 3815 447 3858 ossema.

373 3881 445 3962 Cap.
463 3883 536 3958 30,
569 3881 600 3966 ᾗ.
621 3888 652 3948 6.
696 3879 889 3967 ιῖίίνιοτέραν
907 3879 1058 3967 ἐλάμβανε
1081 3878 1232 3950 διάθεσιν.
1275 3882 1417 3964 Supplant

286 3963 322 4030 τό
342 3971 467 4048 πρᾶγμα
486 3969 533 4028 vel
553 3966 591 4030 τό
608 3964 779 4054 πράγματα.
826 3973 960 4050 equidem
978 3971 1046 4030 nihil
1066 3971 1225 4032 desiderari
1245 3975 1332 4048 puto,
1363 3968 1417 4028 sad

286 4055 377 4116 sorim
404 4049 525 4117 niveas*
548 4058 671 4136 πρᾶγμα
693 4057 849 4134 intelligam
875 4050 937 4120 όντό
966 4060 1074 4120 κοινοῦ
1095 4057 1126 4115 in
1147 4053 1235 4116 'verbo
1256 4048 1416 4134 ἐλάμβανε,

287 4155 345 4216 qua
370 4138 407 4196 de
427 4157 460 4199 re
479 4159 507 4198 τ.
528 4139 631 4206 Matth.
652 4160 697 4218 gr.
717 4161 762 4219 gr.
780 4137 828 4222 ἓξ.
851 4143 923 4207 298.
945 4147 975 4202 et
990 4161 1072 4220 seqq.
1166 4157 1168 4160 ·

239 4247 242 4254 ·
373 4221 447 4301 Cup-
464 4225 534 4300 32„
555 4221 584 4307 §-
606 4227 636 4290 8.
677 4257 721 4270 -
740 4231 869 4308 θεωρῶν
891 4227 919 4290 εί
934 4225 987 4290 καί
1002 4225 1073 4305 περί
1093 4229 1149 4308 τῆς
1169 4223 1345 4306 στρατηγίας
1364 4244 1417 4302 ps-

288 4308 364 4386 poiu,
382 4300 457 4369 data*
479 4309 531 4370 καί
551 4309 621 4392 περί
641 4305 713 4384 roric
732 4307 962 4392 όμαρτόνοντας
981 4308 1054 4386 roric
1069 4304 1232 4394 ἡγεμόνας.
1276 4310 1326 4370 Sic
1344 4307 1415 4368 Mna

287 4397 405 4471 praeter
426 4392 639 4474 augustanum,
675 4398 757 4475 cujus
778 4417 862 4458 mann
882 4400 974 4478 prima
992 4399 1181 4478 perscriptum
1206 4396 1313 4473 legitur
1341 4394 1418 4452 inter
1471 4439 1473 4446 r

287 4495 405 4556 versus,
426 4479 610 4541 inserendum
631 4499 697 4542 esse
715 4485 780 4544 saio
799 4485 874 4543 inter
894 4481 965 4563 περί
981 4482 1036 4564 τῆς
1056 4488 1086 4542 et
1107 4501 1222 4565 στρατ.,
1244 4499 1307 4540 cnm
1324 4477 1418 4538 scriba

286 4559 362 4622 hand
384 4564 470 4624 dubie
490 4565 520 4623 id
541 4565 651 4626 immitti
668 4567 755 4628 vellet
775 4576 845 4647 post
860 4560 960 4649 aspis
982 4567 1056 4626 Jam.
1071 4567 1140 4628 Cas.
1161 4567 1265 4628 edidit:
1285 4597 1327 4620 -.-
1347 4561 1418 4642 sapi

287 4669 316 4708 τι
334 4652 396 4710 τῶν
414 4669 510 4732 στρατ.
524 4654 637 4732 μερνόν,
656 4645 733 4716 oillei
752 4675 781 4716 τ.
795 4653 865 4735 περί
883 4656 974 4716 sorim
993 4649 1100 4734 όμαρτ.
1115 4660 1186 4723 etc.;
1207 4649 1306 4712 Reisls.
1321 4653 1417 4708 autem

285 4736 452 4812 proposuit:
472 4770 515 4780 —
534 4738 636 4820 μεριῖν
653 4734 742 4815 auo,
762 4763 791 4804 ιι.
812 4736 882 4823 περί
898 4739 988 4803 τοῦτο
1005 4745 1077 4818 etc,
1099 4738 1178 4816 quod
1198 4735 1308 4798 accivit·
1321 4731 1415 4795 Schu.
