3675 5584
900 667 1110 734 „20..

524 846 598 922 Cap.
629 844 700 914 69,
730 839 759 922 §-
785 843 815 902 7.
865 840 1089 922 μεταβαλοῦσαι
1115 834 1169 912 τάς
1201 811 1356 920 σορίσσας.
1389 835 1473 899 ΙΝου
1503 845 1577 913 erat,

440 931 518 1008 quod
539 928 718 1003 dubitarent,
753 945 821 984 num
837 929 1001 1004 ponendum
1019 932 1100 987 esset
1118 925 1362 1006 καταβυλοῶσαιι
1401 937 1489 1003 saepe
1508 944 1578 984 con·

441 1017 504 1074 tusa
525 1009 600 1075 κατά
620 1017 654 1072 tt
674 1006 761 1089 μετά,
781 1016 815 1070 ut
835 1011 921 1073 docet
933 1013 1087 1072 Sohaeser.
1108 1011 1206 1072 Melet
1223 1011 1373 1089 crit.,pag.
1395 1009 1447 1075 58.
1465 1009 1502 1068 cf.
1525 1029 1577 1066 no·-

442 1094 486 1158 'tas
509 1100 547 1157 ibi
569 1097 639 1162 134.
662 1103 690 1156 et
708 1096 776 1173 35,
797 1097 913 1159 Jacobs.
937 1097 1006 1162 Tae.
1031 1096 1092 1175 14,
1114 1101 1143 1162 7·
1389 1113 1392 1120 “

897 1275 1106 1286 *ψ*-

885 1387 985 1456 Libar
1010 1391 1138 1458 tertius.

502 1599 504 1603 .
529 1537 602 1614 Cap·
622 1537 669 1612 3.‚
692 1531 720 1614 ᾗ.
743 1535 774 1598 6·
818 1571 859 1581 -
878 1533 912 1600 τό
933 1533 968 1598 δέ
988 1537 1104 1617 τρίτον,
1126 1539 1196 1601 τλνα
1216 1532 1331 1618 τρόπον
1351 1535 1506 1616 Ῥωμαῖοι,
1527 1559 1580 1596 κα·
1679 1563 1680 1590 ι

408 1633 411 1638 ’
445 1617 626 1695 ταλόσαντες
646 1617 703 1701 τῶν
726 1626 869 1683 Γαλατῶν
891 1617 1000 1702 ὕβριν,
1031 1616 1178 1704 ἀδήριτον
1201 1621 1257 1702 μέν
1280 1641 1371 1701 σφισι
1389 1615 1581 1716 παρεσγεόα-
1679 1621 1680 1628 '

445 1730 503 1772 σοιν
523 1703 582 1785 τήν
603 1711 659 1786 τῆς
678 1701 778 1780 Ἀσλας
800 1701 907 1788 ἀργήν,
930 1702 1084 1780 ἀπέλυσαν
1105 1707 1140 1772 δέ
1161 1704 1232 1783 rotie
1254 1707 1304 1772 έπλ
1327 1711 1400 1772 τάδε
1420 1711 1476 1770 τοῶ
1504 1699 1582 1768 Ταό-

444 1819 502 1875 ρου
532 1796 748 1865 κατοικοῦντας
776 1793 972 1873 βαρβαρικῶν
998 1789 1109 1875 φόβων
1130 1795 1183 1858 καλ
1204 1798 1259 1874 τῆς
1280 1799 1425 1856 Γαλατῶν
1445 1815 1583 1870 παρανο-

442 1881 528 1959 μίας.
571 1877 654 1937 Haec
674 1879 827 1956 dupliciter
845 1879 954 1938 affecta
971 1887 1055 1960 puto,
1078 1881 1182 1940 menda
1204 1886 1233 1939 et
1254 1880 1382 1947 immisso
1397 1881 1582 1956 glossemate.

445 1965 753 2026 Mendosnm·videtur
774 1981 848 2022 esee‘
867 1957 1037 2039 ἀπέλυσαν,
1073 1969 1144 2026 eum'
1164 1969 1315 2026 antecedat
1341 1965 1432 2024 simile
1457 1958 1584 2034 καταλύ-

448 2071 568 2123 σαντες,
600 2048 694 2126 qualia
714 2049 895 2126 negligenter
912 2043 991 2110 elicta
1010 2053 1125 2110 nonnisi
1146 2051 1320 2110 necessitate
1338 2039 1501 2130 compulsus
1522 2049 1585 2106 sero

447 2138 525 2215 apud
546 2135 621 2192 hunc
638 2139 769 2192 nostrum
789 2133 831 2211 (v.
852 2139 918 2193 ann.
939 2135 977 2194 ad
997 2133 1067 2210 44„
1107 2134 1135 2216 b.
1159 2136 1221 2214 5.),
1259 2155 1333 2213 qnae
1355 2135 1401 2194 hic
1423 2133 1498 2197 nulla
1521 2140 1585 2192 est:

448 2225 553 2300 sponte
576 2219 650 2276 enirn
671 2239 703 2277 se
718 2219 839 2297 praebet
857 2213 1028 2296 ἀπέδυσαν,
1048 2223 1279 2293 commendatum
1299 2221 1368 2280 illud
1388 2240 1453 2278 cum
1474 2220 1585 2278 ratione

447 2303 705 2385 palaeographica,
741 2305 849 2383 quippe
869 2325 936 2373 ,non
961 2326 1027 2364 raro
1048 2307 1196 2386 permixtis
1211 2311 1246 2366 ’Δ
1269 2313 1298 2366 et
1320 2311 1351 2366 Λ
1375 2297 1491 2379 litteris,
1524 2309 1587 2362 tum

448 2382 512 2470 ipsa
532 2389 646 2472 lingua,
661 2389 802 2468 siquidem
823 2397 901 2450 recte
915 2391 995 2450 dicas
1009 2385 1157 2454 ἀποδύειν
1179 2385 1247 2454 τινά
1269 2386 1382 2472 φόβου,
1403 2409 1488 2467 quern
1503 2407 1587 2446 nsum

449 2475 570 2553 genitivi
590 2480 621 2533 et
637 2493 691 2552 per
711 2493 762 2550 se,
784 2481 815 2534 et
833 2474 921 2544 verbo
937 2477 1048 2553 juncti,
1069 2478 1099 2541 in
1119 2497 1175 2556 qno
1195 2477 1264 2536 insit
1283 2473 1457 2556 praepositio
1479 2474 1588 2550 geniti-

449 2582 516 2619 vum
537 2579 660 2636 regens,
697 2560 841 2644 illpstrant
861 2561 960 2638 Viger.
979 2563 1016 2638 3,
1041 2567 1077 2635 1,
1100 2565 1130 2625 9.
1152 2562 1250 2641 ibique
1271 2561 1404 2638 Hoogev.
1426 2565 1456 2618 et
1476 2561 1586 2618 Zeune.

450 2645 586 2707 Similiter
608 2645 640 2719 5,
663 2645 736 2720 106,
758 2648 788 2708 6.
808 2645 873 2702 libri
894 2652 964 2707 vett.
986 2653 1103 2726 praeter
1121 2647 1193 2707 Mss.
1211 2647 1305 2710 Vatic.
1328 2653 1358 2707 et
1374 2645 1468 2705 Flor.:
1490 2638 1586 2722 Ἀθη-

452 2734 534 2795 ναῖοι
555 2730 588 2792 δὲ
608 2734 670 2791 τῶν
691 2728 725 2793 έκ
747 2731 947 2804 Μακεδονίας
967 2728 1078 2813 φόβων
1099 2727 1300 2811 ἀπεδέδυντο,
1336 2731 1414 2809 qnod
1441 2750 1495 2788 nec
1522 2731 1597 2808 ipae·

451 2817 546 2877 Schw.
567 2815 732 2894 improbans
749 2821 846 2874 tamen
867 2816 915 2876 edi
931 2817 1029 2894 jussit,
1050 2819 1128 2895 quod
1145 2819 1252 2878 habent
1268 2818 1308 2877 illi
1323 2817 1381 2876 duo
1396 2815 1493 2888 codd,
1515 2813 1587 2872 alie-

452 2922 534 2976 nam,
562 2902 681 2979 opinor,
710 2901 927 2980 explicationem
948 2903 1028 2960 verbi
1050 2904 1200 2982 exquisiti,
1227 2899 1415 2966 ἀπελέλυντο.
1458 2897 1608 2965 'tantuma

453 2988 627 3046 demendo.
670 2985 824 3046 Glossema
843 3006 910 3046 esse
933 2987 1022 3046 verba
1042 2986 1170 3068 uclpoig
1192 2993 1263 3050 Γαλ.
1283 2981 1373 3067 παρη
1407 2990 1528 3063 apparet
1550 3000 1587 3040 ex

454 3093 507 3146 eo,
541 3073 619 3148 qnod
640 3071 717 3131 idem
736 3072 898 3148 significant
916 3074 1066 3150 superiora
1086 3074 1143 3134 ista
1162 3078 1263 3136 καταλ.
1280 3063 1332 3120 ’-”
1347 3066 1455 3150 ἀβριν,
1482 3067 1587 3147 quibus

454 3157 604 3235 speciatim
621 3157 705 3215 dictis
722 3157 783 3234 jam
802 3157 929 3235 scriptor
949 3157 1064 3235 subjicit
1084 3159 1230 3236 generalia
1250 3160 1338 3238 βαρβ.
1362 3152 1484 3238 φόβων.

540 3241 678 3320 θεοῖο,
709 3237 756 3324 §§.
772 3244 856 3326 ⁷·.··
866 3245 898 3305 9·
945 3239 988 3304 Τά
1010 3239 1065 3324 μέν
1087 3235 1221 3327 οὖντοῖς
1242 3243 1387 3325 ἐπιβολῆς
1411 3239 1503 3320 ἡμῶν
1530 3261 1591 3300 τοι·

370 3336 372 3361 *
456 3330 547 3387 αὕτα·
570 3328 700 3404 προσδεῖ
716 3325 750 3389 δέ
769 3331 830 3390 τῶν
850 3331 906 3407 τῆς
924 3322 1026 3408 τύχης,
1047 3329 1099 3392 ἰ’νοι
1122 3323 1279 3412 συνδράμῃ
1301 3325 1339 3390 τῶ
1355 3331 1411 3389 τοῦ
1426 3325 1498 3404 βίου
1513 3319 1592 3404 πρὸς

455 3407 490 3474 τό
513 3407 570 3490 τὴν
591 3409 737 3492 πρόθεσιν
758 3411 807 3474 tul
828 3411 912 3486 τέλος
933 3407 1104 3496 ἀναγαγεῖν.
1150 3413 1319 3492 Πέπεισμαι
1340 3409 1396 3492 μέν
1419 3405 1496 3491 γάρ,
1529 3405 1590 3470 κάν

455 3521 484 3558 τι
505 3499 609 3582 συμβῇ
627 3495 698 3575 περ)
721 3496 805 3576 ἡμᾶς
832 3495 1052 3576 evocamur,
1088 3493 1146 3562 οάκ
1173 3493 1314 3581 ἀργήσιιν
1341 3491 1399 3576 τὴν
1424 3490 1591 3570 ἀπόθεσιν,

457 3576 522 3661 οὐδ’
543 3577 712 3661 ἀπορήσειν
733 3579 855 3662 ἀνδρῶν
877 3579 1054 3666 ἀξιοχρέου,Ι
1072 3581 1124 3649 διά
1143 3582 1177 3646 δέ
1197 3580 1232 3647 τό
1252 3577 1362 3658 κάλλος
1376 3577 1508 3653 πολλοάς
1520 3601 1592 3642 κατ-

458 3663 705 3749 εγγυηθόσεσθαι
725 3669 777 3731 καὶ
799 3667 986 3749 σπουδάσειν
1008 3671 1056 3734 έπλ
1080 3669 1163 3744 τέλος
1184 3664 1307 3752 ἀγαγεῖν
1328 3662 1440 3746 αότὴν·
1469 3664 1535 3728 ἐπεὶ
1557 3659 1593 3726 δέ

456 3750 511 3825 κάς
531 3749 769 3831 έπιφανεστάτας
788 3759 849 3819 τῶν
864 3752 1005 3839 πράξεων
1019 3755 1068 3820 erl
1078 3750 1248 3834 ’κε’φυλαλου
1264 3749 1496 3834 διεληλύθαμεν,
1518 3751 1593 3830 βου·

457 3833 580 3917 λόμενόι
599 3838 651 3902 καλ
673 3837 809 3904 καθόλου
831 3841 883 3905 καλ
904 3841 980 3906 κατά
1001 3842 1090 3924 μέρος
1111 3843 1155 3916 εἰς
1175 3841 1297 3906 ἔννοιαν
1312 3835 1434 3921 ἀγαγεῖν
1448 3839 1503 3913 τῆς
1518 3831 1593 3914 ὅλης

460 3924 594 4006 λστορλας
613 3921 686 4000 τοάς
705 3921 956 4008 ἐντυγχάνοντας,
988 3923 1053 4008 ῶρα
1073 3923 1320 4008 μνημονεύοντος
1340 3925 1396 4008 τῆς
1416 3918 1594 4000 προθέσεως
1633 3927 1638 3938 ’

459 4009 659 4091 ἐπαναγαγεῖν
679 4011 729 4074 ἐπὶ
749 4009 808 4092 τὴν
829 4009 926 4102 ἀρχήν
947 4017 999 4090 τῆς
1021 4007 1117 4096 αὐτῆς
1134 4011 1321 4085 ἀποθέσεως.
1354 4009 1429 4082 ‘Hoc
1448 4007 1519 4068 dicit
1532 4006 1593 4064 Po-

459 4095 568 4170 lybius,
598 4097 661 4155 tale·
674 4099 792 4175 quidem
811 4118 877 4158 esse
897 4101 1058 4159 institutum
1078 4100 1173 4178 operis
1194 4100 1256 4173 sui,
1293 4095 1371 4173 qnod
1393 4087 1484 4176 utari
1505 4092 1593 4150 linem

460 4181 617 4258 perducat,
638 4182 757 4242 fortuna
774 4204 809 4244 se
829 4185 976 4262 indigerc;
996 4185 1110 4261 itaque,
1133 4184 1188 4244 etsi
1208 4199 1378 4262 persuasum
1397 4177 1513 4252 hebeat,
1533 4195 1593 4233 non

460 4266 611 4329 ‹lesutnros
632 4269 722 4346 alios,
744 4267 800 4347 qui
815 4271 923 4328 exittrm
942 4269 1081 4348 praeclari
1102 4265 1261 4346 argumenti
1283 4265 1424 4344 explicare
1446 4263 1593 4336 studeant,

372 4425 375 4430 Ι
460 4356 571 4428 umen,
603 4355 737 4430 quoniam
756 4355 1005 4433 praeparationem
1025 4356 1127 4436 scripti
1149 4355 1193 4412 sui
1213 4345 1387 4425 absolverit,
1411 4350 1469 4425 jam
1486 4346 1593 4424 ipsum,

460 4435 536 4495 haud
559 4445 709 4515 expectata
728 4437 840 4498 illorum
867 4459 974 4518 opera,
1010 4441 1133 4499 transire
1154 4437 1227 4498 velle
1246 4439 1283 4496 ad
1303 4435 1469 4506 historiam,
1506 4449 1593 4512 qnam

461 4521 777 4601 animo¹proposuerit,
792 4525 990 4603 enaprandam.
1034 4525 1136 4584 Oratio
1156 4528 1223 4602 apte
1241 4523 1408 4592 cohaerens,
1429 4524 1462 4575 ut
1480 4513 1593 4573 mireris

462 4605 622 4667 offendisse
639 4603 900 4687 γάρροτῑὶοιίλειιι,
936 4629 1012 4688 quae
1031 4631 1088 4687 quo
1100 4602 1262 4668 leserenda
1281 4609 1336 4681 sit,
1372 4622 1404 4660 se
1424 4600 1534 4660 nescire
1551 4599 1593 4655 ait

462 4691 572 4759 διδους
590 4691 765 4764 -Reislreum
785 4695 910 4772 quidem<
924 4697 1098 4774 suspicatum
1120 4714 1202 4770 esse,
1238 4699 1307 4754 ante
1329 4687 1417 4748 verba
1436 4683 1513 4746 Πέπ.
1536 4678 1592 4762 μὲν

462 4771 520 4858 γάρ
546 4775 618 4838 haec
647 4777 691 4838 vel
716 4780 857 4857 quaedam
882 4781 1023 4858 ejusmodi
1048 4781 1226 4876 intercidisse
1249 4779 1302 4846 ιιαλ
1324 4797 1371 4839 τοι
1396 4763 1433 4836 oti
1455 4768 1538 4835 πάνυ
1560 4790 1594 4854 γε
